,2011-06-30,2011-09-30,2012-03-31,2012-06-30,2012-09-30,2012-12-31,2013-03-31,2013-06-30,2013-09-30,2013-12-31,2014-03-31,2014-06-30,2014-09-30,2014-12-31,2015-03-31,2015-06-30,2015-09-30,2015-12-31,2016-03-31,2016-06-30,2016-09-30,2016-12-31,2017-03-31
AccretionAmortizationOfDiscountsAndPremiumsInvestments,,,-3520000.000,,,,-3981000.000,,,,-3701000.000,,,,-3702000.000,,,,-3447000.000,,,,-3901000.000
AdjustmentsToReconcileNetIncomeLossToCashProvidedByUsedInOperatingActivities,,,16701000.000,,,,9351000.000,,,,5160000.000,,,,-9826000.000,,,,12899000.000,,,,19271000.000
AllocatedShareBasedCompensationExpense,,,,,,,,,,,,,,,,,,,976000.000,889000.000,865000.000,966000.000,1044000.000
AntidilutiveSecuritiesExcludedFromComputationOfEarningsPerShareAmount,,,,1103000.000,720000.000,,643066.000,647726.000,646226.000,-1298540.000,908480.000,904580.000,868020.000,-1845470.000,697950.000,431599.000,260035.000,-1046194.000,180912.000,0.000,0.000,-180912.000,0.000
AvailableForSaleSecuritiesChangeInNetUnrealizedHoldingGainLoss,,,,,,,-9598000.000,,,,28563000.000,,,,21008000.000,,,,52556000.000,,,,7043000.000
AvailableForSaleSecuritiesGrossRealizedGains,,,,8000.000,0.000,,142000.000,96000.000,213000.000,0.000,0.000,0.000,900000.000,0.000,973000.000,57000.000,0.000,104000.000,921000.000,54000.000,11000.000,-1000.000,2222000.000
AvailableForSaleSecuritiesGrossRealizedLosses,,,,0.000,0.000,,0.000,0.000,139000.000,-139000.000,0.000,56000.000,0.000,0.000,0.000,0.000,0.000,0.000,0.000,,,,
BenefitsLossesAndExpenses,212800000.000,198048000.000,168823000.000,180469000.000,196561000.000,221316000.000,175455000.000,199401000.000,208629000.000,191655000.000,207007000.000,219617000.000,238710000.000,200097000.000,206653000.000,236385000.000,237736000.000,232693000.000,236911000.000,278909000.000,274319000.000,288141000.000,257970000.000
CashAndCashEquivalentsPeriodIncreaseDecrease,,,-70527000.000,,,,-5518000.000,,,,-23530000.000,,,,20746000.000,,,,37532000.000,,,,-17197000.000
CommonStockDividendsPerShareDeclared,0.150,0.150,0.150,0.150,0.150,0.150,0.150,0.180,0.180,0.180,0.180,,,,0.200,,,,0.220,,,,0.250
ComprehensiveIncomeNetOfTax,,,26627000.000,21109000.000,22164000.000,-17086000.000,31815000.000,-20234000.000,12393000.000,44128000.000,28511000.000,27760000.000,-7882000.000,14771000.000,32185000.000,-7970000.000,18256000.000,35919000.000,50767000.000,35616000.000,5615000.000,-13476000.000,28329000.000
DeferredIncomeTaxExpenseBenefit,,,5011000.000,,,,460000.000,,,,-1559000.000,,,,-1519000.000,,,,322000.000,,,,-134000.000
DeferredPolicyAcquisitionCostAmortizationExpense,43732000.000,43022000.000,34551000.000,,,,38081000.000,,,,39534000.000,,,,42472000.000,,,,50231000.000,,,,52134000.000
DeferredPolicyAcquisitionCostAmortizationExpenseUnrealizedInvestmentGainsLosses,,,,,,,-4871000.000,,,,8920000.000,,,,6911000.000,,,,11685000.000,,,,
DeferredPolicyAcquisitionCostUnrealizedInvestmentGainLoss,,,,,,,,,,,,,,,,,,,,,,,-1277000.000
DeferredPolicyAcquisitionCostsAdditions,,,,,,,40998000.000,,,,41658000.000,,,,48805000.000,,,,53810000.000,,,,54372000.000
DepreciationDepletionAndAmortization,,,2285000.000,,,,1785000.000,,,,2295000.000,,,,1618000.000,,,,1626000.000,,,,1165000.000
EarningsPerShareBasic,-0.690,-0.190,0.750,0.580,0.340,-0.090,0.890,0.610,0.460,1.050,0.530,0.420,0.010,1.380,0.950,0.600,0.780,1.230,0.890,0.120,0.490,0.470,0.780
EarningsPerShareDiluted,-0.690,-0.190,0.750,0.580,0.340,-0.090,0.880,0.610,0.450,1.040,0.520,0.420,0.010,1.370,0.940,0.590,0.770,1.230,0.880,0.120,0.480,0.450,0.770
EffectiveIncomeTaxRateReconciliationAtFederalStatutoryIncomeTaxRate,,,,,,,,,,,0.350,,,,0.350,,,,0.350,,,,0.350
ExcessTaxBenefitFromShareBasedCompensationFinancingActivities,,,9000.000,,,,-78000.000,,,,70000.000,,,,-193000.000,,,,,,,,
ImpairmentOfInvestments,0.000,0.000,,4000.000,0.000,,0.000,0.000,139000.000,0.000,,,0.000,,,,,,,,,,
IncomeLossFromContinuingOperationsBeforeIncomeTaxesMinorityInterestAndIncomeLossFromEquityMethodInvestments,-30996000.000,-10474000.000,24876000.000,19177000.000,10020000.000,-7999000.000,29850000.000,20318000.000,14395000.000,37339000.000,15897000.000,13056000.000,-2845000.000,50355000.000,31831000.000,19533000.000,26824000.000,,28774000.000,864000.000,15175000.000,,25089000.000
IncomeTaxExpenseBenefit,-13082000.000,-5698000.000,5692000.000,4461000.000,1290000.000,-5581000.000,7457000.000,4822000.000,2670000.000,10813000.000,2566000.000,2371000.000,-3170000.000,15559000.000,8152000.000,4515000.000,7290000.000,12368000.000,6347000.000,-2250000.000,2807000.000,1859000.000,5153000.000
IncomeTaxesPaid,,,,,,,5000.000,,,,1007000.000,,,,6508000.000,,,,6509000.000,,,,9000.000
IncreaseDecreaseInAccruedIncomeTaxesPayable,,,,,,,,,,,1948000.000,,,,3790000.000,,,,728000.000,,,,0.000
IncreaseDecreaseInAccruedInvestmentIncomeReceivable,,,344000.000,,,,-296000.000,,,,763000.000,,,,1020000.000,,,,1689000.000,,,,3078000.000
IncreaseDecreaseInDeferredIncomeTaxes,,,3409000.000,,,,-1665000.000,,,,72000.000,,,,433000.000,,,,548000.000,,,,-647000.000
IncreaseDecreaseInDeferredPolicyAcquisitionCosts,,,-1526000.000,,,,,,,,,,,,728000.000,,,,,,,,
IncreaseDecreaseInFuturePolicyBenefitReserves,,,20596000.000,,,,6364000.000,,,,19648000.000,,,,8726000.000,,,,23965000.000,,,,26590000.000
IncreaseDecreaseInIncomeTaxesReceivable,,,-3926000.000,,,,-14150000.000,,,,-1786000.000,,,,0.000,,,,,,,,-4631000.000
IncreaseDecreaseInOtherOperatingAssets,,,-2691000.000,,,,-1013000.000,,,,-2324000.000,,,,697000.000,,,,1240000.000,,,,777000.000
IncreaseDecreaseInOtherOperatingCapitalNet,,,1200000.000,,,,,,,,,,,,,,,,,,,,
IncreaseDecreaseInOtherOperatingLiabilities,,,,,,,31000.000,,,,-1038000.000,,,,342000.000,,,,2063000.000,,,,253000.000
IncreaseDecreaseInPremiumsReceivable,,,14560000.000,,,,19631000.000,,,,17789000.000,,,,19926000.000,,,,26245000.000,,,,18226000.000
IncreaseDecreaseInPrepaidReinsurancePremiums,,,-2650000.000,,,,255000.000,,,,470000.000,,,,295000.000,,,,322000.000,,,,59000.000
IncreaseDecreaseInReinsuranceRecoverable,,,23199000.000,,,,5741000.000,,,,-2170000.000,,,,-3427000.000,,,,-1782000.000,,,,644000.000
IncreaseDecreaseInUnearnedPremiums,,,15228000.000,,,,14670000.000,,,,20318000.000,,,,19535000.000,,,,21001000.000,,,,23232000.000
InterestCreditedToPolicyholdersAccountBalances,10657000.000,10897000.000,10656000.000,10627000.000,10327000.000,9799000.000,9320000.000,9081000.000,8625000.000,8137000.000,7987000.000,7852000.000,7503000.000,6903000.000,6615000.000,6024000.000,5568000.000,5473000.000,5247000.000,5138000.000,4983000.000,4711000.000,4744000.000
InterestExpense,,,,,,,,,,,,,,,,,,,0.000,,,,0.000
InterestPaid,,,,,,,0.000,,,,0.000,,,,0.000,,,,0.000,,,,0.000
LiabilityForFuturePolicyBenefitsPeriodExpense,7880000.000,9167000.000,10138000.000,8356000.000,9815000.000,14786000.000,8236000.000,9869000.000,8415000.000,11105000.000,7821000.000,8077000.000,10552000.000,10173000.000,7623000.000,12096000.000,12784000.000,18442000.000,12552000.000,16002000.000,14091000.000,17324000.000,8579000.000
LiabilityForUnpaidClaimsAndClaimsAdjustmentExpenseClaimsPaidCurrentYear1,,,,,,,,,,,,,,,,,,,,,,,39100000.000
LiabilityForUnpaidClaimsAndClaimsAdjustmentExpenseClaimsPaidPriorYears1,,,,,,,,,,,,,,,,,,,,,,,97803000.000
LiabilityForUnpaidClaimsAndClaimsAdjustmentExpenseIncurredClaims1,,,,,,,,,,,,,,,,,,,,,,,156551000.000
NetCashProvidedByUsedInFinancingActivities,,,-5174000.000,,,,-24111000.000,,,,-10275000.000,,,,-37069000.000,,,,-18281000.000,,,,-28176000.000
NetCashProvidedByUsedInFinancingActivitiesContinuingOperations,,,-5174000.000,,,,-24111000.000,,,,-10275000.000,,,,-37069000.000,,,,-18281000.000,,,,-28176000.000
NetCashProvidedByUsedInInvestingActivities,,,-101238000.000,,,,-13151000.000,,,,-31746000.000,,,,43962000.000,,,,20487000.000,,,,-28228000.000
NetCashProvidedByUsedInInvestingActivitiesContinuingOperations,,,-101238000.000,,,,-13151000.000,,,,-31746000.000,,,,43962000.000,,,,20487000.000,,,,-28228000.000
NetCashProvidedByUsedInOperatingActivities,,,35885000.000,,,,31744000.000,,,,18491000.000,,,,13853000.000,,,,35326000.000,,,,39207000.000
NetCashProvidedByUsedInOperatingActivitiesContinuingOperations,,,35885000.000,,,,31744000.000,,,,18491000.000,,,,13853000.000,,,,35326000.000,,,,39207000.000
NetIncomeLoss,-17914000.000,-4776000.000,19184000.000,14716000.000,8730000.000,-2418000.000,22393000.000,15496000.000,11725000.000,26526000.000,13331000.000,10685000.000,325000.000,34796000.000,23679000.000,15018000.000,19534000.000,30895000.000,22427000.000,3114000.000,12368000.000,11995000.000,19936000.000
NetInvestmentIncome,27741000.000,26926000.000,29146000.000,28749000.000,28665000.000,25345000.000,26464000.000,29019000.000,27278000.000,30038000.000,26762000.000,27603000.000,22837000.000,27407000.000,24363000.000,25792000.000,24050000.000,26576000.000,22224000.000,24507000.000,26690000.000,33401000.000,25035000.000
OtherComprehensiveIncomeDefinedBenefitPlansAdjustmentBeforeTaxPortionAttributableToParent,,,-2794000.000,-1732000.000,-1085000.000,,,,,,,,,,,,,,,,,,
OtherComprehensiveIncomeLossBeforeReclassificationsBeforeTax,,,,,,,,,-282000.000,,24069000.000,27108000.000,-12410000.000,-30564000.000,13114000.000,-36237000.000,-2008000.000,5660000.000,43876000.000,49332000.000,-9440000.000,-40706000.000,14966000.000
OtherComprehensiveIncomeLossBeforeReclassificationsNetOfTax,,,,,,,,,-175000.000,,15644000.000,17620000.000,-8066000.000,-19866000.000,8524000.000,-23555000.000,-1305000.000,3679000.000,28519000.000,32065000.000,-6136000.000,-26458000.000,9728000.000
OtherComprehensiveIncomeLossBeforeReclassificationsTax,,,,,,,,,,,,,,,4590000.000,-12682000.000,-703000.000,1981000.000,15357000.000,17267000.000,-3304000.000,-14248000.000,5238000.000
OtherComprehensiveIncomeLossBeforeTaxPortionAttributableToParent,,,11452000.000,9835000.000,20398000.000,-22302000.000,,,,,,,,,,,,,,,,,
OtherComprehensiveIncomeLossNetOfTaxPortionAttributableToParent,,,7443000.000,6393000.000,13434000.000,-14668000.000,,,,,,,,,,,,,,,,,
OtherComprehensiveIncomeLossPensionAndOtherPostretirementBenefitPlansAdjustmentBeforeReclassificationAdjustmentsAndTax,,,,,,,0.000,0.000,0.000,-24066000.000,0.000,0.000,0.000,47685000.000,0.000,0.000,0.000,-8714000.000,0.000,0.000,0.000,-30045000.000,0.000
OtherComprehensiveIncomeLossReclassificationAdjustmentForSaleOfSecuritiesIncludedInNetIncomeBeforeTax,,,,-564000.000,-1300000.000,,-1909000.000,,,,,,,,,,,,,,,,
OtherComprehensiveIncomeLossReclassificationAdjustmentFromAOCIForSaleOfSecuritiesBeforeTax,,,,,,,,,617000.000,,1482000.000,1606000.000,985000.000,1012000.000,1895000.000,995000.000,1825000.000,-202000.000,1646000.000,700000.000,2320000.000,-146000.000,3405000.000
OtherComprehensiveIncomeLossReclassificationAdjustmentFromAOCIPensionAndOtherPostretirementBenefitPlansBeforeTax,,,,,,,,,1915000.000,,768000.000,768000.000,768000.000,768000.000,1867000.000,1867000.000,1867000.000,1867000.000,1371000.000,1371000.000,1371000.000,1373000.000,1352000.000
OtherComprehensiveIncomeLossTaxPortionAttributableToParent,,,-4009000.000,,,,,,,,,,,,,,,,,,,,
OtherComprehensiveIncomeLossTaxPortionAttributableToParent1,,,,3442000.000,6964000.000,,,,,,,,,,,,,,,,,,
OtherComprehensiveIncomeReclassificationAdjustmentForSaleOfSecuritiesIncludedInNetIncomeTax,,,643000.000,,,,,,,,,,,,,,,,,,,,
OtherComprehensiveIncomeUnrealizedHoldingGainLossOnSecuritiesArisingDuringPeriodBeforeTax,,,13603000.000,8667000.000,20613000.000,-7096000.000,15161000.000,-51782000.000,-282000.000,1414000.000,24069000.000,27108000.000,-12410000.000,17121000.000,13114000.000,-36237000.000,-2008000.000,-3054000.000,43876000.000,49332000.000,-9440000.000,-70751000.000,14966000.000
OtherComprehensiveIncomeUnrealizedHoldingGainLossOnSecuritiesArisingDuringPeriodNetOfTax,,,,,,,8614000.000,,,,14681000.000,,,,7292000.000,,,,27449000.000,,,,7515000.000
OtherComprehensiveIncomeUnrealizedHoldingGainLossOnSecuritiesArisingDuringPeriodTax,,,,,,,4637000.000,,,,7907000.000,,,,3926000.000,,,,14781000.000,,,,4046000.000
OtherIncome,729000.000,725000.000,256000.000,243000.000,85000.000,307000.000,115000.000,182000.000,337000.000,68000.000,607000.000,535000.000,113000.000,430000.000,63000.000,132000.000,123000.000,,108000.000,183000.000,145000.000,185000.000,198000.000
OtherUnderwritingExpense,14720000.000,14101000.000,21994000.000,20541000.000,20496000.000,18094000.000,22348000.000,23308000.000,21654000.000,22551000.000,26428000.000,20776000.000,21665000.000,26002000.000,23534000.000,23546000.000,26161000.000,29696000.000,26753000.000,24772000.000,24574000.000,27322000.000,24890000.000
PaymentsForLossesAndLossAdjustmentExpense,,,,,,,,,,,,,,,,,,,,,,,136903000.000
PaymentsForProceedsFromProductiveAssets,,,893000.000,,,,386000.000,,,,2860000.000,,,,1881000.000,,,,569000.000,,,,1392000.000
PaymentsForRepurchaseOfCommonStock,,,,,,,,,,,,,,,1083000.000,,,,0.000,,,,5749000.000
PaymentsOfDividends,,,3826000.000,,,,3786000.000,,,,4567000.000,,,,4997000.000,,,,5553000.000,,,,6367000.000
PaymentsRelatedToTaxWithholdingForShareBasedCompensation,,,,,,,,,,,,,,,,,,,664000.000,,,,0.000
PaymentsToAcquireAvailableForSaleSecurities,,,252345000.000,,,,142615000.000,,,,131989000.000,,,,133920000.000,,,,124338000.000,,,,103623000.000
PaymentsToAcquireBusinessesNetOfCashAcquired,,,0.000,,,,,,,,,,,,,,,,,,,,
PolicyholderBenefitsAndClaimsIncurredNet,135811000.000,120861000.000,91484000.000,106766000.000,119756000.000,141700000.000,97470000.000,120435000.000,131168000.000,109741000.000,125237000.000,142716000.000,154346000.000,113944000.000,126409000.000,150362000.000,144526000.000,127791000.000,142128000.000,180412000.000,176555000.000,184703000.000,167623000.000
PremiumsEarnedNet,152210000.000,158704000.000,161503000.000,170090000.000,176531000.000,186870000.000,176817000.000,186367000.000,194219000.000,197443000.000,193341000.000,201827000.000,212021000.000,221141000.000,213171000.000,229225000.000,239421000.000,249073000.000,241298000.000,253487000.000,260069000.000,268547000.000,253872000.000
ProceedsFromAnnuitiesAndInvestmentCertificates,,,40390000.000,,,,25369000.000,,,,49281000.000,,,,36099000.000,,,,25145000.000,,,,20630000.000
ProceedsFromIncomeTaxRefunds,,,,,,,8744000.000,,,,615000.000,,,,0.000,,,,0.000,,,,0.000
ProceedsFromIssuanceOfCommonStock,,,43000.000,,,,603000.000,,,,823000.000,,,,353000.000,,,,4745000.000,,,,1244000.000
ProceedsFromMaturitiesPrepaymentsAndCallsOfAvailableForSaleSecurities,,,149285000.000,,,,127514000.000,,,,103480000.000,,,,172825000.000,,,,142629000.000,,,,71613000.000
ProceedsFromMaturitiesPrepaymentsAndCallsOfHeldToMaturitySecurities,,,75000.000,,,,19000.000,,,,11000.000,,,,31000.000,,,,8000.000,,,,3000.000
ProceedsFromPaymentsForTradingSecurities,,,-1343000.000,,,,46000.000,,,,-5673000.000,,,,510000.000,,,,-129000.000,,,,-610000.000
ProceedsFromRepaymentsOfShortTermDebt,,,0.000,,,,,,,,,,,,,,,,,,,,
ProceedsFromSaleMaturityAndCollectionOfShorttermInvestments,,,2590000.000,,,,407000.000,,,,764000.000,,,,3450000.000,,,,789000.000,,,,1702000.000
ProceedsFromSaleOfAvailableForSaleSecurities,,,3000000.000,10412000.000,0.000,6912000.000,2810000.000,3161000.000,17036000.000,0.000,0.000,10000.000,3081000.000,0.000,5017000.000,3211000.000,0.000,3315000.000,1968000.000,1074000.000,2007000.000,9273000.000,5059000.000
RealizedInvestmentGainsLosses,1124000.000,1219000.000,2794000.000,564000.000,1300000.000,795000.000,1909000.000,4151000.000,1190000.000,1445000.000,2194000.000,2708000.000,894000.000,1474000.000,887000.000,769000.000,966000.000,224000.000,2055000.000,1596000.000,2590000.000,-138000.000,3954000.000
ReclassificationFromAccumulatedOtherComprehensiveIncomeCurrentPeriodBeforeTax,,,,,,,,,-1298000.000,,714000.000,838000.000,217000.000,244000.000,28000.000,-872000.000,-42000.000,-2069000.000,275000.000,-671000.000,949000.000,-1519000.000,2053000.000
ReclassificationFromAccumulatedOtherComprehensiveIncomeCurrentPeriodNetOfTax,,,,,,,,,-843000.000,,464000.000,545000.000,141000.000,159000.000,18000.000,-567000.000,-27000.000,-1345000.000,179000.000,-437000.000,617000.000,-987000.000,1335000.000
ReclassificationFromAociCurrentPeriodTax,,,,,,,,,,,,,,,,,,,96000.000,-234000.000,332000.000,-532000.000,718000.000
RepaymentsOfAnnuitiesAndInvestmentCertificates,,,33743000.000,,,,46219000.000,,,,55882000.000,,,,67248000.000,,,,41954000.000,,,,37934000.000
RepaymentsOfLongTermDebt,,,,,,,0.000,,,,,,,,,,,,,,,,
RepaymentsOfShortTermDebt,,,8047000.000,,,,,,,,,,,,,,,,,,,,
Revenues,181804000.000,187574000.000,193699000.000,199646000.000,206581000.000,213317000.000,205305000.000,219719000.000,223024000.000,228994000.000,222904000.000,232673000.000,235865000.000,250452000.000,238484000.000,255918000.000,264560000.000,275956000.000,265685000.000,279773000.000,289494000.000,301995000.000,283059000.000
SalesRevenueNet,152210000.000,158704000.000,161503000.000,170090000.000,176531000.000,186870000.000,176817000.000,186367000.000,194219000.000,197443000.000,193341000.000,201827000.000,212021000.000,221141000.000,213171000.000,229225000.000,239421000.000,249156000.000,241298000.000,253487000.000,260069000.000,268547000.000,253872000.000
ShareBasedCompensation,,,396000.000,500000.000,400000.000,468000.000,411000.000,407000.000,618000.000,341000.000,437000.000,507000.000,500000.000,500000.000,553000.000,648000.000,616000.000,693000.000,977000.000,,,,1044000.000
StockIssuedDuringPeriodSharesShareBasedCompensation,,,97000.000,,,,38832.000,,,,35952.000,,,,24271.000,,,,180026.000,,,,46764.000
StockRepurchasedDuringPeriodShares,,,0.000,,,,0.000,,,,,,,,37637.000,,,,,,,,134981.000
SupplementalInformationForPropertyCasualtyInsuranceUnderwritersCurrentYearClaimsAndClaimsAdjustmentExpense,,,,,,,,,,,,,,,,,,,,,,,181497000.000
SupplementalInformationForPropertyCasualtyInsuranceUnderwritersPriorYearClaimsAndClaimsAdjustmentExpense,,,,,,,,,,,,,,,,,,,,,,,-24946000.000
WeightedAverageNumberOfDilutedSharesOutstanding,,,,25558000.000,25527000.000,,25340669.000,25472302.000,25571621.000,-50853217.000,25590207.000,25556627.000,25404349.000,-51057520.000,25104783.000,25287630.000,25379348.000,-50535765.000,25596437.000,25795476.000,25815346.000,-51402581.000,25854181.000
WeightedAverageNumberOfSharesOutstandingBasic,26101842.000,25722572.000,25505962.000,25476220.000,25423191.000,-50957455.000,25245497.000,25297718.000,25359196.000,-50576716.000,25372280.000,25330066.000,25188381.000,-50659873.000,24990470.000,25023753.000,25067080.000,-50033898.000,25209888.000,25366283.000,25389633.000,-50630098.000,25443101.000
