,2011-03-31,2011-06-30,2011-09-30,2011-12-31,2012-03-31,2012-06-30,2012-09-30,2012-12-31,2013-03-31,2013-06-30,2013-09-30,2013-12-31,2014-03-31,2014-06-30,2014-09-30,2014-12-31,2015-03-31,2015-06-30,2015-09-30,2015-12-31,2016-03-31,2016-06-30,2016-09-30,2016-12-31,2017-03-31
AccretionAmortizationOfDiscountsAndPremiumsInvestments,-4176000.000,,,,2092000.000,,,,-3424000.000,,,,-233000.000,,,,-845000.000,,,,-632000.000,,,,-1732000.000
AdjustmentsToAdditionalPaidInCapitalSharebasedCompensationRequisiteServicePeriodRecognitionValue,1094000.000,,,,2289000.000,,,,2413000.000,,,,1681000.000,,,,2271000.000,,,,2484000.000,,,,2918000.000
AdjustmentsToAdditionalPaidInCapitalTaxEffectFromShareBasedCompensation,,,,,,,,,,,,,-3000.000,,,,623000.000,,,,,,,,
AllocatedShareBasedCompensationExpense,,,,,,,,,2300000.000,2200000.000,2000000.000,200000.000,3800000.000,2100000.000,2200000.000,2000000.000,2300000.000,3000000.000,2500000.000,1900000.000,2500000.000,2300000.000,2000000.000,2500000.000,2900000.000
AmortizationOfIntangibleAssets,,,,,,1089000.000,1078000.000,,1120000.000,1164000.000,1154000.000,1189000.000,1163000.000,1156000.000,1202000.000,1171000.000,1013000.000,934000.000,1350000.000,1324000.000,1298000.000,1248000.000,1085000.000,1158000.000,1164000.000
AssetManagementFees,10236000.000,10601000.000,11994000.000,11686000.000,12401000.000,13393000.000,13252000.000,13634000.000,14828000.000,,,,,,,,,,,,,,,,
AssetManagementFees1,,,,,,,,,,15892000.000,16057000.000,,16813000.000,18222000.000,17659000.000,18649000.000,18100000.000,,,,,,,,
AvailableForSaleSecuritiesGrossRealizedGainLossNet,106000.000,1152000.000,225000.000,309000.000,816000.000,1109000.000,409000.000,2561000.000,251000.000,2000.000,75000.000,-3328000.000,-33000.000,-336000.000,-153000.000,18000.000,524000.000,-24000.000,-98000.000,-79000.000,1325000.000,1440000.000,,,
AvailableForSaleSecuritiesGrossRealizedGains,,1152000.000,292000.000,,828000.000,1109000.000,413000.000,2568000.000,313000.000,3000.000,118000.000,0.000,55000.000,99000.000,179000.000,72000.000,553000.000,14000.000,87000.000,4000.000,2550000.000,1487000.000,,,
AvailableForSaleSecuritiesGrossRealizedLosses,,,67000.000,,12000.000,,4000.000,,62000.000,1000.000,43000.000,0.000,88000.000,435000.000,,,,,,,,,,,
AvailableforsaleSecuritiesGrossRealizedGainLossExcludingOtherThanTemporaryImpairments,,1152000.000,225000.000,,816000.000,1109000.000,409000.000,2561000.000,251000.000,2000.000,75000.000,0.000,-33000.000,-336000.000,-153000.000,18000.000,524000.000,-24000.000,-98000.000,-79000.000,1325000.000,1440000.000,,,
AvailableforsaleSecuritiesGrossRealizedLossesExcludingOtherThanTemporaryImpairments,,,,,,,,,,,,,,,332000.000,,29000.000,38000.000,185000.000,,1225000.000,47000.000,,,
BankOwnedLifeInsuranceIncome,876000.000,,,,919000.000,,,,846000.000,,,,,,,,,,,,,,,,
BusinessCombinationBargainPurchaseGainRecognizedAmount,9838000.000,746000.000,27390000.000,0.000,840000.000,-55000.000,6633000.000,85000.000,0.000,0.000,0.000,0.000,,,,,,,,,,,,,
CashAndCashEquivalentsPeriodIncreaseDecrease,1914000.000,,,,-9102000.000,,,,-101827000.000,,,,78874000.000,,,,60165000.000,,,,-63495000.000,,,,-52897000.000
CashFlowHedgeGainLossToBeReclassifiedWithinTwelveMonths,,,,,,,,,4000000.000,,,,1900000.000,,,,2400000.000,,,,2300000.000,,,,1900000.000
CertainLoansAcquiredInTransferNotAccountedForAsDebtSecuritiesAccretableYieldAccretion,,,,,,,,,,,,,,,,,,,-5939000.000,,5457000.000,5199000.000,6449000.000,6113000.000,5599000.000
CertainLoansAcquiredInTransferNotAccountedForAsDebtSecuritiesAccretableYieldAdditions,,,,,,,,,,,,,,,,,,,9095000.000,,1141000.000,125000.000,0.000,,531000.000
CertainLoansAcquiredInTransferNotAccountedForAsDebtSecuritiesAccretableYieldPeriodIncreaseDecrease,,,,,,,,,,,,,,,,,,,-610000.000,,-2390000.000,574000.000,170000.000,-79000.000,-759000.000
CertainLoansAcquiredInTransferNotAccountedForAsDebtSecuritiesAccretableYieldReclassificationsFromNonaccretableDifference,,,,,,,,,,,,,,,,,,,2298000.000,,4193000.000,2536000.000,5370000.000,1634000.000,2535000.000
CommonStockDividendsPerShareDeclared,0.090,,0.090,,0.090,,0.090,,0.090,0.000,0.090,0.000,0.100,0.100,0.100,0.100,0.110,0.110,0.110,0.110,0.120,0.120,0.120,0.120,0.140
ComprehensiveIncomeNetOfTax,18455000.000,,,,21258000.000,32396000.000,40136000.000,27995000.000,23274000.000,-13830000.000,38353000.000,18666000.000,40783000.000,60791000.000,32027000.000,43501000.000,45293000.000,13051000.000,51133000.000,21896000.000,71909000.000,55511000.000,54976000.000,21859000.000,63882000.000
ConvertiblePreferredDividendsNetOfTax,,,,,,,,,2581000.000,2581000.000,1581000.000,1582000.000,1581000.000,1581000.000,1581000.000,1580000.000,1581000.000,1580000.000,1579000.000,1574000.000,1578000.000,1578000.000,1578000.000,1579000.000,1578000.000
DebtInstrumentDecreaseForgiveness,,,0.000,,,,,,,,,,,,,,,,,,,,,,
DebtInstrumentPeriodicPaymentPrincipal,,,,,,,,,5000000.000,,,,,,,,,,,,,,,,
DepreciationAmortizationAndAccretionNet,5551000.000,,,,5627000.000,,,,6782000.000,,,,7753000.000,,,,7895000.000,,,,13610000.000,,,,14437000.000
DerivativeInstrumentsGainLossReclassifiedFromAccumulatedOCIIntoIncomeEffectivePortionNet,,2197000.000,2246000.000,,,,,,,,,,,,,,,,,,,,,,
DerivativeInstrumentsLossRecognizedInOtherComprehensiveIncomeEffectivePortion,,-1115000.000,-4333000.000,,,,,,,,,,,,,,,,,,,,,,
DilutiveSecuritiesEffectOnBasicEarningsPerShareOther,,,,,,,2581000.000,,,,,,,,,,,,,,,,,,
DividendsCommonStockCash,3145000.000,,,,3261000.000,,,,3328000.000,,,,4620000.000,,,,5202000.000,,,,5812000.000,,,,7325000.000
DividendsPreferredStock,,,1000000.000,,,,,,,,,,,,,,,,,,,,,,
DividendsPreferredStockCash,999000.000,,,,1212000.000,,,,2581000.000,,,,1581000.000,,,,1581000.000,,,,3628000.000,,,,3628000.000
EarlyRepaymentOfSubordinatedDebt,,,,,,,,,,,,,,,,,,,,,10695000.000,,,,0.000
EarningsPerShareBasic,0.440,0.310,0.820,0.510,0.610,0.630,0.820,0.750,0.800,0.850,0.860,0.820,0.710,0.790,0.830,0.790,0.790,0.890,0.710,0.660,0.940,0.940,0.960,0.990,1.050
EarningsPerShareDiluted,0.360,0.250,0.650,0.410,0.500,0.520,0.660,0.630,0.650,0.690,0.710,0.700,0.680,0.760,0.790,0.750,0.760,0.850,0.690,0.630,0.900,0.900,0.920,0.940,1.000
EmployeeServiceShareBasedCompensationAllocationOfRecognizedPeriodCostsCapitalizedAmount,,,,,,2300000.000,2600000.000,,,,,,,,,,,,,,,,,,
EmployeeServiceShareBasedCompensationCashReceivedFromExerciseOfStockOptions,,,,,,,,,,,,,,,,,,,,,,,,,12800000.000
EmployeeServiceShareBasedCompensationTaxBenefitFromCompensationExpense,-235000.000,,,,-12000.000,,,,200000.000,,,,,,,,,,,,,,,,
EquipmentExpense,4264000.000,4409000.000,4501000.000,5093000.000,5400000.000,5466000.000,5888000.000,6468000.000,6184000.000,6413000.000,6593000.000,7260000.000,7403000.000,7223000.000,7570000.000,7555000.000,7836000.000,7914000.000,8887000.000,8175000.000,8767000.000,9307000.000,9449000.000,9532000.000,9002000.000
ExcessTaxBenefitFromShareBasedCompensationFinancingActivities,194000.000,,,,643000.000,,,,222000.000,,,,156000.000,,,,471000.000,,,,193000.000,,,,
ExcessTaxBenefitFromShareBasedCompensationOperatingActivities,194000.000,,,,643000.000,,,,222000.000,,,,156000.000,,,,471000.000,,,,193000.000,,,,
FDICIndemnificationAssetAccretionOfDiscount,,,,,,,-1139000.000,,-2468000.000,-1653000.000,-1763000.000,-1672000.000,-1603000.000,-1456000.000,-1382000.000,-1322000.000,-1260000.000,-1206000.000,-718000.000,,,-92000.000,4000.000,,-244000.000
FDICIndemnificationAssetAcquisitions,,,,,,,65100000.000,,0.000,0.000,0.000,0.000,0.000,0.000,0.000,0.000,0.000,0.000,0.000,0.000,0.000,0.000,0.000,0.000,
FDICIndemnificationAssetAdditionalEstimatedLosses,,,,,,,5669000.000,,5033000.000,2827000.000,3062000.000,2100000.000,1282000.000,2067000.000,1584000.000,1557000.000,1575000.000,934000.000,1039000.000,257000.000,82000.000,649000.000,21000.000,551000.000,82000.000
FDICIndemnificationAssetCashPaymentsReceived,,,,,,,37314000.000,,13932000.000,-7551000.000,-25925000.000,-33899000.000,-9669000.000,1149000.000,6834000.000,-18313000.000,2056000.000,-2206000.000,-1547000.000,3556000.000,,57000.000,1704000.000,,386000.000
FDICIndemnificationAssetPeriodIncreaseDecrease,,,,,,,,,,,,,,-13645000.000,-12124000.000,,-3993000.000,-4317000.000,-5236000.000,-3064000.000,-3547000.000,-2200000.000,-4537000.000,-270000.000,-1014000.000
FederalDepositInsuranceCorporationPremiumExpense,4518000.000,3281000.000,3100000.000,3244000.000,3357000.000,3477000.000,3549000.000,3039000.000,3444000.000,3003000.000,3245000.000,3036000.000,2951000.000,3196000.000,3211000.000,2810000.000,2987000.000,3047000.000,3035000.000,3317000.000,3613000.000,4040000.000,3686000.000,4726000.000,4156000.000
FeesAndCommissionsDepositorAccounts,3311000.000,3594000.000,4085000.000,3973000.000,4208000.000,3994000.000,4235000.000,4534000.000,4793000.000,5035000.000,5308000.000,5230000.000,5346000.000,5688000.000,6084000.000,6189000.000,6297000.000,6474000.000,7403000.000,7210000.000,7406000.000,7726000.000,8024000.000,8054000.000,8265000.000
FeesAndCommissionsMortgageBanking,11631000.000,12817000.000,14469000.000,18025000.000,18534000.000,25607000.000,31127000.000,34702000.000,30145000.000,31734000.000,25682000.000,19296000.000,16428000.000,23804000.000,26691000.000,24694000.000,27800000.000,36007000.000,27887000.000,23317000.000,21735000.000,36807000.000,34712000.000,35489000.000,21938000.000
FinancingReceivableAllowanceForCreditLossesProvisions,,28666000.000,28263000.000,,15154000.000,,,,,,,,,,,,,,,,,,,,
FinancingReceivableAllowanceForCreditLossesRecoveries,,6237000.000,-747000.000,,-1041000.000,,,,,,,,,,,,,,,,,,,,
FinancingReceivableAllowanceForCreditLossesRecovery,,,,,,823000.000,6020000.000,,1233000.000,1381000.000,1502000.000,2146000.000,1232000.000,1275000.000,1113000.000,1258000.000,1188000.000,2656000.000,1199000.000,1287000.000,1981000.000,1187000.000,1194000.000,3446000.000,1823000.000
FinancingReceivableAllowanceForCreditLossesWriteOffs,,-32273000.000,-27657000.000,,-15467000.000,18223000.000,23937000.000,57697000.000,13161000.000,-19776000.000,12815000.000,56177000.000,9017000.000,7859000.000,8102000.000,7126000.000,4271000.000,6510000.000,6877000.000,7849000.000,5474000.000,6097000.000,6907000.000,6213000.000,3417000.000
FinancingReceivableModificationsPostModificationRecordedInvestment2,,,,,,,,,,,4003000.000,,5245000.000,2240000.000,667000.000,3815000.000,294000.000,1317000.000,222000.000,201000.000,8723000.000,655000.000,71000.000,3448000.000,1513000.000
FinancingReceivableModificationsSubsequentDefaultRecordedInvestment1,,,,,,,,,,4562000.000,2972000.000,,9984000.000,4176000.000,2028000.000,-14061000.000,2048000.000,833000.000,816000.000,-2928000.000,1392000.000,1413000.000,1191000.000,3845000.000,260000.000
FiniteLivedIntangibleAssetsAmortizationExpense,689000.000,704000.000,970000.000,1062000.000,1049000.000,,,,,,,,,,,,,,,,,,,,
ForeclosedRealEstateExpense,,,,,,,,,,,,,,,,,1411000.000,841000.000,-367000.000,2598000.000,560000.000,1348000.000,,,1665000.000
FutureAmortizationExpenseRemainderOfFiscalYear,,,,,3158000.000,,,,,,,,,,,,,,,,,,,,
FutureAmortizationExpenseYearFour,,,,,1496000.000,,,,,,,,,,,,,,,,,,,,
FutureAmortizationExpenseYearOne,,,,,3997000.000,,,,,,,,,,,,,,,,,,,,
FutureAmortizationExpenseYearThree,,,,,2017000.000,,,,,,,,,,,,,,,,,,,,
FutureAmortizationExpenseYearTwo,,,,,3511000.000,,,,,,,,,,,,,,,,,,,,
GainLossOnInterestRateFairValueHedgeIneffectiveness,,,,,,13000.000,,,,,,,,,,,,,,,,,,,
GainLossOnSaleOfMortgageLoans,4160000.000,,,,14464000.000,,,,27419000.000,,,,12220000.000,,,,20608000.000,,,,16287000.000,,,,16047000.000
GainLossOnSaleOfPropertyPlantEquipment,,,,,-12000.000,,,,-1000.000,,,,-795000.000,,,,-81000.000,,,,-21000.000,,,,163000.000
GainsLossesOnExtinguishmentOfDebt,,,,,,,,,,,,,,,,,,,,,4305000.000,,,,0.000
GainsLossesOnSalesOfOtherRealEstate,,,,,,,,,-2658000.000,,,,-2460000.000,,,,549000.000,,,,119000.000,,,,-828000.000
GoodwillAcquiredDuringPeriod,,,,,1827000.000,,,,0.000,,,,0.000,,,,16718000.000,,,,11305000.000,,,,999000.000
GoodwillImpairmentLoss,,,,,,,,,0.000,,,,0.000,,,,0.000,,,,0.000,,,,0.000
GoodwillPeriodIncreaseDecrease,,,,,1800000.000,,,,,,,,,,,,,,,,,,,,
GoodwillTranslationAndPurchaseAccountingAdjustments,,,,,,,,,-1769000.000,,,,-822000.000,,,,-2155000.000,,,,1214000.000,,,,-245000.000
ImpairedFinancingReceivableAverageRecordedInvestment,,,,,253552000.000,,,,209208000.000,,,,145257000.000,,,,113693000.000,,,,96369000.000,,,,88405000.000
ImpairedFinancingReceivableInterestIncomeAccrualMethod,,,,,3149000.000,,,,2636000.000,,,,1915000.000,,,,1588000.000,,,,1463000.000,,,,1215000.000
IncomeLossFromContinuingOperationsBeforeIncomeTaxesMinorityInterestAndIncomeLossFromEquityMethodInvestments,27048000.000,18965000.000,50046000.000,31974000.000,37759000.000,41329000.000,52173000.000,48871000.000,52286000.000,56250000.000,58082000.000,57822000.000,56340000.000,63031000.000,65258000.000,61802000.000,63035000.000,70126000.000,62197000.000,56407000.000,78497000.000,79971000.000,85054000.000,88332000.000,88018000.000
IncomeTaxExpenseBenefit,10646000.000,7215000.000,19844000.000,12753000.000,14549000.000,15734000.000,19871000.000,18782000.000,20234000.000,21943000.000,22519000.000,22534000.000,21840000.000,24490000.000,25034000.000,23669000.000,23983000.000,26295000.000,23842000.000,20896000.000,29386000.000,29930000.000,31939000.000,33724000.000,29640000.000
IncreaseDecreaseInBrokerDealerRelatedReceivablesPayablesNet,812000.000,,,,3160000.000,,,,750000.000,,,,-4069000.000,,,,1066000.000,,,,635000.000,,,,-2010000.000
IncreaseDecreaseInDeposits,-100938000.000,,,,269326000.000,,,,-314618000.000,,,,460551000.000,,,,486960000.000,,,,477466000.000,,,,71862000.000
IncreaseDecreaseInOtherOperatingAssets,,,,,,,,,32914000.000,,,,-27584000.000,,,,21291000.000,,,,75172000.000,,,,-3635000.000
IncreaseDecreaseInOtherOperatingLiabilities,,,,,,,,,-19617000.000,,,,-37348000.000,,,,-48874000.000,,,,12187000.000,,,,-83348000.000
IncreaseDecreaseInTradingSecurities,-2650000.000,,,,-1350000.000,,,,453000.000,,,,571000.000,,,,6605000.000,,,,1668000.000,,,,-1275000.000
IncrementalCommonSharesAttributableToConversionOfPreferredStock,,,,,,,,,5020000.000,5020000.000,3477000.000,-9376000.000,3075000.000,3075000.000,3075000.000,-6150000.000,3075000.000,3071000.000,3071000.000,-6147000.000,3070000.000,3109000.000,3109000.000,-6188000.000,3100000.000
IncrementalCommonSharesAttributableToShareBasedPaymentArrangements,,,,,,,,,7443000.000,7334000.000,7346000.000,-15015000.000,1434000.000,1327000.000,1166000.000,-2681000.000,1158000.000,1085000.000,978000.000,-2192000.000,750000.000,856000.000,938000.000,-1650000.000,1060000.000
InformationTechnologyAndDataProcessing,3523000.000,3147000.000,3836000.000,4062000.000,3618000.000,3840000.000,4103000.000,4178000.000,4599000.000,4358000.000,4884000.000,4831000.000,4715000.000,4543000.000,4765000.000,5313000.000,5448000.000,6081000.000,8127000.000,7284000.000,6519000.000,7138000.000,7432000.000,7687000.000,7925000.000
InterestAndDividendIncomeOperating,147780000.000,145445000.000,154951000.000,157617000.000,156486000.000,155691000.000,158201000.000,156643000.000,152313000.000,156646000.000,161168000.000,160582000.000,161326000.000,166550000.000,170676000.000,172715000.000,170357000.000,175241000.000,185379000.000,187487000.000,192231000.000,197064000.000,208149000.000,215013000.000,215759000.000
InterestAndDividendIncomeSecurities,,,,,,,,,,,,,,,,,,,,,,,15496000.000,,13573000.000
InterestAndDividendIncomeSecuritiesAvailableForSale,,,,,,,,,,,,,,13309000.000,12767000.000,,14400000.000,14071000.000,16130000.000,16405000.000,17190000.000,16398000.000,,,
InterestAndDividendIncomeSecuritiesOther,9540000.000,11438000.000,12667000.000,12574000.000,11847000.000,10510000.000,7691000.000,8086000.000,8752000.000,9359000.000,9224000.000,9690000.000,13114000.000,,,,,,,,,,,,
InterestAndDividendIncomeSecuritiesTradingOrMeasuredAtFairValue,13000.000,10000.000,15000.000,6000.000,9000.000,10000.000,3000.000,6000.000,5000.000,8000.000,14000.000,-2000.000,9000.000,5000.000,20000.000,45000.000,13000.000,51000.000,19000.000,25000.000,11000.000,14000.000,18000.000,32000.000,11000.000
InterestAndFeeIncomeLoansAndLeases,136543000.000,132338000.000,140543000.000,143514000.000,143555000.000,144100000.000,149271000.000,146946000.000,142114000.000,145983000.000,150810000.000,149528000.000,147030000.000,151984000.000,156534000.000,157476000.000,154676000.000,159823000.000,167831000.000,169501000.000,173127000.000,178530000.000,190189000.000,199155000.000,199314000.000
InterestExpense,38166000.000,36739000.000,36541000.000,32970000.000,30591000.000,27421000.000,25626000.000,23867000.000,21600000.000,20822000.000,19386000.000,18274000.000,17320000.000,17370000.000,19006000.000,18996000.000,18466000.000,18349000.000,19839000.000,20281000.000,20722000.000,21794000.000,23513000.000,24235000.000,23179000.000
InterestExpenseBorrowings,,,,,,,,,,,,,,,,,,787000.000,1045000.000,,1058000.000,1086000.000,1137000.000,1074000.000,1139000.000
InterestExpenseDeposits,23956000.000,22404000.000,21893000.000,19685000.000,18030000.000,17273000.000,16794000.000,16208000.000,14504000.000,13675000.000,12524000.000,12488000.000,11923000.000,11759000.000,12298000.000,12431000.000,11814000.000,11996000.000,12436000.000,12617000.000,12781000.000,13594000.000,15621000.000,16413000.000,16270000.000
InterestExpenseFederalHomeLoanBankAndFederalReserveBankAdvancesLongTerm,3958000.000,4010000.000,4166000.000,4186000.000,3584000.000,2867000.000,2817000.000,2835000.000,2764000.000,2821000.000,2729000.000,2700000.000,2643000.000,2705000.000,2641000.000,2534000.000,2156000.000,1812000.000,2458000.000,2684000.000,2886000.000,2984000.000,2577000.000,2439000.000,1590000.000
InterestExpenseJuniorSubordinatedDebentures,4370000.000,4422000.000,4437000.000,3043000.000,3157000.000,3138000.000,3129000.000,3192000.000,3119000.000,3142000.000,3183000.000,1925000.000,2004000.000,2042000.000,2091000.000,1942000.000,1933000.000,1977000.000,2124000.000,2196000.000,2220000.000,2353000.000,2400000.000,2530000.000,2408000.000
InterestExpenseSubordinatedNotesAndDebentures,212000.000,194000.000,168000.000,176000.000,169000.000,126000.000,67000.000,66000.000,59000.000,52000.000,40000.000,16000.000,0.000,354000.000,1776000.000,1776000.000,1775000.000,1777000.000,1776000.000,1777000.000,1777000.000,1777000.000,1778000.000,1779000.000,1772000.000
InterestIncomeDepositsWithFinancialInstitutions,936000.000,870000.000,917000.000,696000.000,248000.000,203000.000,362000.000,739000.000,569000.000,411000.000,229000.000,435000.000,249000.000,319000.000,409000.000,495000.000,316000.000,305000.000,372000.000,493000.000,746000.000,793000.000,1156000.000,1541000.000,1623000.000
InterestIncomeExpenseAfterProvisionForLoanLoss,84270000.000,79519000.000,89120000.000,105830000.000,108495000.000,107579000.000,113776000.000,113230000.000,115026000.000,120442000.000,130668000.000,138458000.000,142126000.000,142520000.000,145806000.000,147586000.000,145812000.000,147410000.000,157218000.000,158147000.000,163475000.000,166141000.000,175065000.000,183428000.000,187371000.000
InterestIncomeExpenseNet,109614000.000,108706000.000,118410000.000,124647000.000,125895000.000,128270000.000,132575000.000,132776000.000,130713000.000,135824000.000,141782000.000,142308000.000,144006000.000,149180000.000,151670000.000,153719000.000,151891000.000,156892000.000,165540000.000,167206000.000,171509000.000,175270000.000,184636000.000,190778000.000,192580000.000
InterestIncomeFederalFundsSoldAndSecuritiesPurchasedUnderAgreementsToResell,32000.000,23000.000,28000.000,33000.000,12000.000,6000.000,7000.000,13000.000,15000.000,4000.000,4000.000,4000.000,4000.000,6000.000,12000.000,3000.000,2000.000,1000.000,1000.000,0.000,1000.000,1000.000,1000.000,1000.000,1000.000
InterestIncomeFederalHomeLoanBankAdvances,,572000.000,,,,,,,,,,,,,,,,,,,,,,,
LaborAndRelatedExpense,56099000.000,53079000.000,61863000.000,66744000.000,69030000.000,68139000.000,75280000.000,76140000.000,77513000.000,79225000.000,78007000.000,74049000.000,79934000.000,81963000.000,85976000.000,87633000.000,90130000.000,94421000.000,97749000.000,99780000.000,95811000.000,100894000.000,103718000.000,104735000.000,99316000.000
LineOfCreditFacilityCommitmentFeePercentage,,,,,0.005,,,,0.005,,,,,,,,,,,,,,,,
LoansAndLeasesReceivableImpairedInterestIncomeRecognizedChangeInPresentValueAttributableToPassageOfTime,,,,,,272000.000,534000.000,,229000.000,296000.000,,,,,,,,,,,,,,,
MarketableSecuritiesRealizedGainLoss,,,,,,,,,,,,,,,,,,,,,,,3305000.000,,-55000.000
MarketableSecuritiesRealizedGainLossExcludingOtherThanTemporaryImpairments,,,,,,,,,,,,,,,,,,,,,,,3305000.000,,-55000.000
MarketingAndAdvertisingExpense,1614000.000,1440000.000,2119000.000,3207000.000,2006000.000,2179000.000,2528000.000,2725000.000,2040000.000,2722000.000,2772000.000,3517000.000,2816000.000,3558000.000,3528000.000,3669000.000,3907000.000,6406000.000,6237000.000,5374000.000,3779000.000,6941000.000,7365000.000,6691000.000,5150000.000
NetCashProvidedByUsedInFinancingActivities,-114865000.000,,,,175661000.000,,,,-305389000.000,,,,403776000.000,,,,140846000.000,,,,387818000.000,,,,123696000.000
NetCashProvidedByUsedInFinancingActivitiesContinuingOperations,-114865000.000,,,,175661000.000,,,,-305389000.000,,,,403776000.000,,,,140846000.000,,,,387818000.000,,,,123696000.000
NetCashProvidedByUsedInInvestingActivities,-234305000.000,,,,-292963000.000,,,,103881000.000,,,,-487167000.000,,,,37650000.000,,,,-517675000.000,,,,-306334000.000
NetCashProvidedByUsedInInvestingActivitiesContinuingOperations,-234305000.000,,,,-292963000.000,,,,103881000.000,,,,-487167000.000,,,,37650000.000,,,,-517675000.000,,,,-306334000.000
NetCashProvidedByUsedInOperatingActivities,351084000.000,,,,108200000.000,,,,99681000.000,,,,162265000.000,,,,-118331000.000,,,,66362000.000,,,,129741000.000
NetCashProvidedByUsedInOperatingActivitiesContinuingOperations,351084000.000,,,,108200000.000,,,,99681000.000,,,,162265000.000,,,,-118331000.000,,,,66362000.000,,,,129741000.000
NetIncomeLoss,16402000.000,11750000.000,30202000.000,19221000.000,23210000.000,25595000.000,32302000.000,30089000.000,32052000.000,34307000.000,35563000.000,35288000.000,34500000.000,38541000.000,40224000.000,38133000.000,39052000.000,43831000.000,38355000.000,35511000.000,49111000.000,50041000.000,53115000.000,54608000.000,58378000.000
NetIncomeLossAttributableToParentDiluted,,,,,21964000.000,22951000.000,32267000.000,33876000.000,32017000.000,34271000.000,35563000.000,35289000.000,34500000.000,38541000.000,40224000.000,38133000.000,39052000.000,43831000.000,35855000.000,33456000.000,47061000.000,47991000.000,51065000.000,52558000.000,56328000.000
NetIncomeLossAvailableToCommonStockholdersBasic,15371000.000,10717000.000,29170000.000,18189000.000,21964000.000,22951000.000,29686000.000,27502000.000,29436000.000,31690000.000,33982000.000,33707000.000,32919000.000,36960000.000,38643000.000,36553000.000,37471000.000,42251000.000,34276000.000,31882000.000,45483000.000,46413000.000,49487000.000,50979000.000,54750000.000
NoninterestExpense,98109000.000,97206000.000,106321000.000,118768000.000,117759000.000,117185000.000,124548000.000,129548000.000,120119000.000,128187000.000,127248000.000,126997000.000,131315000.000,133591000.000,138500000.000,143441000.000,147318000.000,154297000.000,159974000.000,166830000.000,153730000.000,170969000.000,176615000.000,180371000.000,168118000.000
NoninterestIncome,40887000.000,36652000.000,67247000.000,44912000.000,47023000.000,50935000.000,62945000.000,65189000.000,57379000.000,63995000.000,54662000.000,46361000.000,45529000.000,54102000.000,57952000.000,57657000.000,64541000.000,77013000.000,64953000.000,65090000.000,68752000.000,84799000.000,86604000.000,85275000.000,68765000.000
NoninterestIncomeOtherOperatingIncome,6205000.000,7772000.000,8493000.000,-2867000.000,10078000.000,7815000.000,8287000.000,-683000.000,6158000.000,7079000.000,8910000.000,,6085000.000,6223000.000,5271000.000,,7937000.000,11355000.000,8843000.000,9447000.000,15616000.000,11636000.000,13569000.000,12991000.000,12248000.000
OccupancyNet,6505000.000,6772000.000,7512000.000,7975000.000,8062000.000,7728000.000,8024000.000,8480000.000,8853000.000,8707000.000,9079000.000,9994000.000,10993000.000,9850000.000,10446000.000,11600000.000,12351000.000,11401000.000,12066000.000,13062000.000,11948000.000,11943000.000,12767000.000,14254000.000,13101000.000
OperatingIncomeLoss,,11750000.000,30202000.000,,23210000.000,25595000.000,32302000.000,,32052000.000,34307000.000,35563000.000,,34500000.000,38541000.000,40224000.000,,,,,,,,,,
OperatingLeasesIncomeStatementDepreciationExpenseOnPropertySubjectToOrHeldForLease,,,,,,,,,,,,,,,,,,,,,2050000.000,3385000.000,3605000.000,4219000.000,4636000.000
OperatingLeasesIncomeStatementLeaseRevenue,,,,,,,,,,,,,,,,,,,,,2806000.000,4005000.000,4459000.000,5171000.000,5782000.000
OriginationAndPurchasesOfMortgageBankingAssets,562088000.000,,,,714655000.000,,,,974432000.000,,,,,,,,,,,,,,,,
OtherComprehensiveIncomeAvailableForSaleSecuritiesAdjustmentNetOfTaxPeriodIncreaseDecrease,749000.000,,,,-2432000.000,,,,,,,,,,,,,,,,,,,,
OtherComprehensiveIncomeForeignCurrencyTransactionAndTranslationAdjustmentBeforeTaxPortionAttributableToParent,,,,,,2101000.000,,,,,,,,,,,,,,,,,,,
OtherComprehensiveIncomeForeignCurrencyTransactionAndTranslationAdjustmentNetOfTaxPortionAttributableToParent,,,,,,,,,-4866000.000,-6318000.000,3905000.000,,,,,,,,,,,,,,
OtherComprehensiveIncomeForeignCurrencyTransactionAndTranslationGainLossArisingDuringPeriodNetOfTax,,,,,,,5897000.000,,,,,,,,,,,,,,,,,,
OtherComprehensiveIncomeForeignCurrencyTranslationGainLossArisingDuringPeriodTax,,,,,,600000.000,2541000.000,,-1438000.000,-1923000.000,1065000.000,-2066000.000,-2559000.000,2338000.000,-3377000.000,-2375000.000,-3245000.000,,,,,,,,
OtherComprehensiveIncomeLossAvailableForSaleSecuritiesAdjustmentNetOfTax,,,,,,4135000.000,2111000.000,,-4800000.000,-43123000.000,-1505000.000,-10947000.000,13742000.000,15920000.000,903000.000,13567000.000,15627000.000,-32427000.000,19055000.000,-10396000.000,16470000.000,5175000.000,1822000.000,-35102000.000,3646000.000
OtherComprehensiveIncomeLossBeforeReclassificationsNetOfTax,,,,,,,,,,,,,,21733000.000,-8621000.000,,6307000.000,-31072000.000,12371000.000,-14129000.000,21077000.000,3514000.000,925000.000,,6121000.000
OtherComprehensiveIncomeLossForeignCurrencyTransactionAndTranslationAdjustmentBeforeTax,,,,,,2701000.000,8438000.000,,-6304000.000,-8241000.000,4970000.000,-7989000.000,-9959000.000,9045000.000,-13062000.000,-10370000.000,-12290000.000,2072000.000,-8682000.000,-5101000.000,8347000.000,856000.000,-2237000.000,-3229000.000,1215000.000
OtherComprehensiveIncomeLossForeignCurrencyTransactionAndTranslationAdjustmentNetOfTax,,,,,,2101.000,5897000.000,,,,,,-7400000.000,6707000.000,-9685000.000,-7995000.000,-9045000.000,1516000.000,-6337000.000,-3693000.000,6038000.000,612000.000,-1644000.000,-2349000.000,877000.000
OtherComprehensiveIncomeLossForeignCurrencyTranslationAdjustmentTax,,,,,,,,,,,,,,,,,,556000.000,-2345000.000,,2309000.000,244000.000,-593000.000,,338000.000
OtherComprehensiveIncomeLossNetOfTax,,,,,,6801000.000,7834000.000,,-8778000.000,-48137000.000,2790000.000,-16622000.000,6283000.000,22250000.000,-8197000.000,5368000.000,6241000.000,-30780000.000,12778000.000,-13615000.000,22798000.000,5470000.000,1861000.000,-32749000.000,5504000.000
OtherComprehensiveIncomeLossNetOfTaxPeriodIncreaseDecrease,2053000.000,,,,,,,,,,,,,,,,,,,,,,,,
OtherComprehensiveIncomeLossNetOfTaxPortionAttributableToParent,,,,,,,,,-9554000.000,-49089000.000,1927000.000,-18919000.000,5966000.000,,,,,,,,,,,,
OtherComprehensiveIncomeLossReclassificationAdjustmentForSaleOfSecuritiesIncludedInNetIncomeBeforeTax,,,,,,-1109000.000,-409000.000,,-251000.000,,,,,,,,,,,,,,,,
OtherComprehensiveIncomeLossReclassificationAdjustmentForSaleOfSecuritiesIncludedInNetIncomeNetOfTax,,,,,,-664000.000,-247000.000,,-151000.000,,,,,,,,,,,,,,,,
OtherComprehensiveIncomeLossReclassificationAdjustmentForSaleOfSecuritiesIncludedInNetIncomeTax,,,,,,-445000.000,-162000.000,,-100000.000,,,,,,,,,,,,,,,,
OtherComprehensiveIncomeLossReclassificationAdjustmentFromAOCIForSaleOfSecuritiesBeforeTax,,,,,,,,,,2000.000,75000.000,,-33000.000,-336000.000,-153000.000,18000.000,524000.000,-24000.000,-98000.000,-79000.000,1325000.000,1440000.000,3305000.000,1575000.000,-55000.000
OtherComprehensiveIncomeLossReclassificationAdjustmentFromAOCIForSaleOfSecuritiesNetOfTax,,,,,,,,,,1000.000,45000.000,,-20000.000,-203000.000,-91000.000,10000.000,318000.000,-14000.000,-60000.000,-48000.000,804000.000,875000.000,2005000.000,957000.000,-34000.000
OtherComprehensiveIncomeLossReclassificationAdjustmentFromAOCIForSaleOfSecuritiesTax,,,,,,,,,,1000.000,30000.000,,-13000.000,-133000.000,-62000.000,8000.000,206000.000,-10000.000,-38000.000,-31000.000,521000.000,565000.000,1300000.000,618000.000,-21000.000
OtherComprehensiveIncomeLossTax,1332000.000,,,,,,,,,,,,,,,,,,,,,,,,
OtherComprehensiveIncomeReclassificationAdjustmentForSaleOfSecuritiesIncludedInNetIncomeBeforeTax,,,,,-816000.000,,,,,,,,,,,,,,,,,,,,
OtherComprehensiveIncomeReclassificationAdjustmentForSaleOfSecuritiesIncludedInNetIncomeNetOfTax,,,,,-489000.000,,,,,,,,,,,,,,,,,,,,
OtherComprehensiveIncomeReclassificationAdjustmentForSaleOfSecuritiesIncludedInNetIncomeTax,,,,,-327000.000,,,,,,,,,,,,,,,,,,,,
OtherComprehensiveIncomeUnrealizedGainLossOnDerivativesArisingDuringPeriodBeforeTax,2121000.000,,,,796000.000,936000.000,-293000.000,1521000.000,1474000.000,2169000.000,647000.000,412000.000,-98000.000,-626000.000,971000.000,-338000.000,-561000.000,215000.000,99000.000,780000.000,478000.000,-523000.000,2773000.000,7745000.000,1615000.000
OtherComprehensiveIncomeUnrealizedGainLossOnDerivativesArisingDuringPeriodNetOfTax,1304000.000,,,,480000.000,565000.000,-174000.000,919000.000,888000.000,1304000.000,390000.000,248000.000,-59000.000,-377000.000,585000.000,-204000.000,-341000.000,131000.000,60000.000,474000.000,290000.000,-317000.000,1683000.000,4702000.000,981000.000
OtherComprehensiveIncomeUnrealizedGainLossOnDerivativesArisingDuringPeriodTax,,,,,316000.000,371000.000,-119000.000,602000.000,586000.000,865000.000,257000.000,164000.000,-39000.000,-249000.000,386000.000,-134000.000,-220000.000,84000.000,39000.000,306000.000,188000.000,-206000.000,1090000.000,3043000.000,634000.000
OtherComprehensiveIncomeUnrealizedHoldingGainLossOnSecuritiesArisingDuringPeriodBeforeTax,1370000.000,,,,-3219000.000,7959000.000,3921000.000,132000.000,-7455000.000,-71463000.000,-2419000.000,-21453000.000,22526000.000,26049000.000,1345000.000,22568000.000,26276000.000,-53400000.000,31268000.000,-17320000.000,25176000.000,5968000.000,2525000.000,-62601000.000,7379000.000
OtherComprehensiveIncomeUnrealizedHoldingGainLossOnSecuritiesArisingDuringPeriodNetOfTax,,,,,-1943000.000,4799000.000,2358000.000,247000.000,-4649000.000,-43122000.000,-1460000.000,-12951000.000,13722000.000,15717000.000,812000.000,13577000.000,15945000.000,-32441000.000,18995000.000,-10522000.000,15188000.000,3724000.000,1532000.000,-37998000.000,4479000.000
OtherComprehensiveIncomeUnrealizedHoldingGainLossOnSecuritiesArisingDuringPeriodTax,,,,,-1276000.000,3160000.000,1563000.000,-115000.000,-2806000.000,-28341000.000,-959000.000,-8502000.000,8804000.000,10332000.000,533000.000,8991000.000,10331000.000,-20959000.000,12273000.000,-6798000.000,9988000.000,2244000.000,993000.000,-24603000.000,2900000.000
OtherNoninterestExpense,11543000.000,13264000.000,12201000.000,14850000.000,14455000.000,15572000.000,15637000.000,18983000.000,14765000.000,16120000.000,15637000.000,16318000.000,13910000.000,15566000.000,17186000.000,17331000.000,17571000.000,18178000.000,18790000.000,19703000.000,15326000.000,19306000.000,20564000.000,20101000.000,17343000.000
OtherThanTemporaryImpairmentLossesInvestmentsAvailableforsaleSecurities,,,,,,,0.000,,0.000,0.000,0.000,3328000.000,0.000,0.000,0.000,0.000,0.000,0.000,0.000,0.000,0.000,0.000,0.000,0.000,0.000
PaymentsForOriginationAndPurchasesOfLoansHeldForSale,,,,,,,,,,,,,527272000.000,,,,941651000.000,,,,736648000.000,,,,722467000.000
PaymentsForProceedsFromFederalHomeLoanBankStock,,,,,,,,,,,,,,,,,,,,,11641000.000,,,,-54590000.000
PaymentsForProceedsFromLoansAndLeases,-17691000.000,,,,206246000.000,,,,52143000.000,,,,227040000.000,,,,407522000.000,,,,248893000.000,,,,219047000.000
PaymentsForRepurchaseOfCommonStock,74000.000,,,,6447000.000,,,,349000.000,,,,380000.000,,,,399000.000,,,,172000.000,,,,295000.000
PaymentsOfDividends,4144000.000,,,,4261000.000,,,,3574000.000,,,,6201000.000,,,,6783000.000,,,,9440000.000,,,,10953000.000
PaymentsToAcquireAvailableForSaleSecurities,541199000.000,,,,952853000.000,,,,192379000.000,,,,349979000.000,,,,629008000.000,,,,39267000.000,,,,124227000.000
PaymentsToAcquireBusinessesNetOfCashAcquired,-21371000.000,,,,-8191000.000,,,,0.000,,,,,,,,-12004000.000,,,,17452000.000,,,,284000.000
PaymentsToAcquireHeldToMaturitySecurities,,,,,,,,,,,,,,,,,,,,,125208000.000,,,,84890000.000
PaymentsToAcquirePropertyPlantAndEquipment,10557000.000,,,,8501000.000,,,,6508000.000,,,,7596000.000,,,,5902000.000,,,,8677000.000,,,,10823000.000
PreferredStockAccretionOfRedemptionDiscount,,,,,,,,,0.000,,,,,,,,,,,,,,,,
PreferredStockDividendsAndOtherAdjustments,1031000.000,1033000.000,1032000.000,1032000.000,1246000.000,2644000.000,2616000.000,2587000.000,2616000.000,2617000.000,1581000.000,1581000.000,1581000.000,1581000.000,1581000.000,1580000.000,1581000.000,1580000.000,4079000.000,3629000.000,3628000.000,3628000.000,3628000.000,3629000.000,3628000.000
ProceedsFromDivestitureOfBusinessesNetOfCashDivested,,,,,,,,,,,,,0.000,,,,,,,,,,,,
ProceedsFromFederalHomeLoanBankBorrowings,,,,,,,,,,,,,,,,,-321565000.000,,,,,,,,
ProceedsFromIssuanceOfPreferredStockAndPreferenceStock,,,,,122690000.000,,,,0.000,,,,,,,,,,,,,,,,
ProceedsFromIssuanceOfSubordinatedLongTermDebt,,,,,,,,,,,,,,139100000.000,,,,,,,,,,,
ProceedsFromMaturitiesPrepaymentsAndCallsOfAvailableForSaleSecurities,284469000.000,,,,280110000.000,,,,67941000.000,,,,98007000.000,,,,122163000.000,,,,26128000.000,,,,43688000.000
ProceedsFromPaymentsForInInterestBearingDepositsInBanks,-56222000.000,,,,-151033000.000,,,,350441000.000,,,,-45390000.000,,,,300706000.000,,,,-204994000.000,,,,-27011000.000
ProceedsFromPaymentsForInSecuritiesSoldUnderAgreementsToRepurchase,-10808000.000,,,,,,,,,,,,,,,,,,,,,,,,
ProceedsFromRepaymentsOfOtherDebt,,,,,-34141000.000,,,,11576000.000,,,,-24018000.000,,,,-20327000.000,,,,-12700000.000,,,,-23732000.000
ProceedsFromRepaymentsOfSecuredDebt,,,,,-172000000.000,67200000.000,,,,,,,,,,,,,,,,,,,
ProceedsFromSaleOfAvailableForSaleSecurities,50142000.000,3369000.000,551515000.000,660020000.000,737369000.000,627177000.000,694608000.000,339881000.000,41056000.000,43403000.000,45078000.000,8737000.000,14800000.000,169753000.000,382552000.000,285225000.000,635532000.000,498501000.000,82827000.000,298699000.000,3201000.000,1068795000.000,1114666000.000,21348000.000,6005000.000
ProceedsFromSaleOfForeclosedAssets,,,,,,,,,30641000.000,,,,20362000.000,,,,11733000.000,,,,10341000.000,,,,3961000.000
ProceedsFromSaleOfMortgageLoansHeldForSale,843209000.000,,,,699315000.000,,,,1033129000.000,,,,658588000.000,,,,867194000.000,,,,826419000.000,,,,867924000.000
ProfessionalFees,3546000.000,4533000.000,5085000.000,3710000.000,3604000.000,3847000.000,4653000.000,3158000.000,3221000.000,4191000.000,3378000.000,4132000.000,3454000.000,4046000.000,4035000.000,4039000.000,4664000.000,5074000.000,4100000.000,4387000.000,4059000.000,5419000.000,5508000.000,5425000.000,4660000.000
ProfitLossFromRealEstateOperations,,,,,,,,,,,,,,,,,,,,,,,-1436000.000,,
ProvisionForLoanAndLeaseLosses,,,,,,-18394000.000,18192000.000,,15367000.000,15133000.000,11580000.000,3904000.000,-3304000.000,-6813000.000,-6028000.000,-6744000.000,-6185000.000,-9701000.000,-8665000.000,58298000.000,8423000.000,9269000.000,9741000.000,7357000.000,5316000.000
ProvisionForLoanLeaseAndOtherLosses,25344000.000,29187000.000,29290000.000,18817000.000,17400000.000,20691000.000,18799000.000,19546000.000,15687000.000,15382000.000,11114000.000,3850000.000,1880000.000,6660000.000,5864000.000,6133000.000,6079000.000,9482000.000,8322000.000,9059000.000,8034000.000,9129000.000,9571000.000,7350000.000,5209000.000
ProvisionForLoanLossesExpensed,25344000.000,,,,,,,,,,,,,,,,,,,,,,,,
ReceivableWithImputedInterestEffectiveYieldInterestRate,,,,,0.000,0.000,,,,,,,,,,,,,,,,,,,
ReclassificationFromAccumulatedOtherComprehensiveIncomeCurrentPeriodNetOfTax,,,,,,,,,,-952000.000,-863000.000,,-317000.000,-517000.000,-424000.000,-235000.000,66000.000,292000.000,-407000.000,-1020000.000,365000.000,370000.000,1359000.000,,-250000.000
RepaymentsOfFederalHomeLoanBankBorrowings,,,,,8000000.000,,,,0.000,,,,30000000.000,,,,,,,,,,,,
RepaymentsOfSecuredDebt,,,,,,,,,0.000,,,,,,,,,,,,,,,,
RestrictedStockExpense,,819000.000,828000.000,,,,,,,,,,,,,,,,,,,,,,
Revenues,,145358000.000,185657000.000,,172918000.000,179205000.000,195520000.000,,188092000.000,199819000.000,196444000.000,,189535000.000,203282000.000,209622000.000,,216432000.000,233905000.000,230493000.000,,240261000.000,260069000.000,271240000.000,,261345000.000
SalesRevenueNet,,145358000.000,185657000.000,,172918000.000,179205000.000,195520000.000,,188092000.000,199819000.000,196444000.000,,189535000.000,203282000.000,209622000.000,,216432000.000,233905000.000,230493000.000,,240261000.000,260069000.000,271240000.000,,261345000.000
ServicingAssetAtFairValuePeriodIncreaseDecrease,,,,,,,,,-273000.000,,,,253000.000,,,,514000.000,,,,-1036000.000,,,,789000.000
ShareBasedCompensation,1094000.000,,,,2289000.000,,,,2413000.000,,,,1681000.000,,,,2271000.000,,,,2484000.000,,,,2918000.000
ShareBasedCompensationArrangementByShareBasedPaymentAwardCompensationCost,,103000.000,192000.000,,2300000.000,,,,,,,,,,,,,,,,,,,,
ShareBasedCompensationArrangementByShareBasedPaymentAwardFairValueAssumptionsExpectedDividendRate,,,,,0.006,,,,0.005,,,,0.004,,,,0.009,,,,0.009,,,,
ShareBasedCompensationArrangementByShareBasedPaymentAwardFairValueAssumptionsRiskFreeInterestRate,,,,,0.007,,,,0.007,,,,0.007,,,,0.013,,,,0.013,,,,
ShareBasedCompensationArrangementByShareBasedPaymentAwardFairValueAssumptionsWeightedAverageVolatilityRate,,,,,0.627,,,,0.597,,,,0.308,,,,0.265,,,,0.252,,,,
ShareBasedCompensationArrangementByShareBasedPaymentAwardOptionsExercisableWeightedAverageRemainingContractualTerm,,,,,2.600,,,,,,,,,,,,,,,,,,,,
ShareBasedCompensationArrangementByShareBasedPaymentAwardOptionsExercisesInPeriodTotalIntrinsicValue,,,,,4500000.000,,,,102000.000,,,,911000.000,,,,744000.000,,,,196000.000,,,,10200000.000
ShareBasedCompensationArrangementByShareBasedPaymentAwardOptionsForfeituresInPeriod,,,,,14250.000,,,,6330.000,,,,18898.000,,,,175579.000,,,,57004.000,,,,6496.000
ShareBasedCompensationArrangementByShareBasedPaymentAwardOptionsGrantsInPeriod,,,,,243116.000,,,,,,,,,,,,,,,,,,,,
ShareBasedCompensationArrangementByShareBasedPaymentAwardOptionsGrantsInPeriodGross,,,,,,,,,219695.000,,,,358440.000,,,,487259.000,,,,554107.000,,,,0.000
ShareBasedCompensationArrangementByShareBasedPaymentAwardOptionsGrantsInPeriodWeightedAverageGrantDateFairValue,,,,,,,,,17.590,17.550,17.490,-35.140,11.960,,,,9.680,,,,8.600,,,,
ShareBasedCompensationArrangementsByShareBasedPaymentAwardOptionsExercisesInPeriodWeightedAverageExercisePrice,,,,,,,,,24.980,,,,34.790,,,,31.500,,,,32.860,,,,39.970
ShareBasedCompensationArrangementsByShareBasedPaymentAwardOptionsForfeituresInPeriodWeightedAverageExercisePrice,,,,,,,,,41.490,,,,45.560,,,,54.400,,,,51.080,,,,42.650
ShareBasedCompensationArrangementsByShareBasedPaymentAwardOptionsGrantsInPeriodWeightedAverageExercisePrice,,,,,,,,,37.850,,,,46.860,,,,44.110,,,,40.870,,,,0.000
StockIssuedDuringPeriodSharesStockOptionsExercised,,,,,388390.000,,,,8336.000,,,,77311.000,,,,51522.000,,,,19110.000,,,,319802.000
StockIssuedDuringPeriodValueAcquisitions,,,,,,,,,,,,,,,,,19004000.000,,,,,,,,
StockIssuedDuringPeriodValueConversionOfConvertibleSecurities,,,,,,,,,,,,,,,,,0.000,,,,0.000,,,,
StockIssuedDuringPeriodValueEmployeeStockPurchasePlan,436000.000,,,,482000.000,,,,641000.000,,,,600000.000,,,,681000.000,,,,648000.000,,,,624000.000
StockIssuedDuringPeriodValueIssuedForServices,,,,,,,,,,,,,,,,,185000.000,,,,410000.000,,,,406000.000
StockIssuedDuringPeriodValueRestrictedStockAwardNetOfForfeitures,-4000.000,,,,-855000.000,,,,66000.000,,,,43000.000,,,,144000.000,,,,16000.000,,,,-295000.000
StockIssuedDuringPeriodValueShareBasedCompensation,362000.000,,,,360000.000,,,,383000.000,,,,378000.000,,,,,,,,,,,,
TradingGainsLosses,-440000.000,-30000.000,591000.000,216000.000,146000.000,-928000.000,-998000.000,-120000.000,-435000.000,3260000.000,-1655000.000,-278000.000,-652000.000,-743000.000,293000.000,-507000.000,-477000.000,160000.000,-135000.000,205000.000,-168000.000,-316000.000,-432000.000,1007000.000,-320000.000
TreasuryStockValueAcquiredCostMethod,-74000.000,,,,,,,,,,,,,,,,,,,,,,,,
UnrealizedGainLossOnInterestRateCashFlowHedgesPretaxAccumulatedOtherComprehensiveIncomeLoss,,10120000.000,12207000.000,,,,,,,,,,,,,,,,,,,,,,
WeightedAverageNumberDilutedSharesOutstandingAdjustment,7794000.000,8438.000,10551000.000,-9717438.000,7530000.000,7770000.000,12295000.000,-15926000.000,12463000.000,12354000.000,10823000.000,-24391000.000,4509000.000,4402000.000,4241000.000,-8831000.000,4233000.000,4156000.000,4049000.000,-8339000.000,3820000.000,3965000.000,4047000.000,-7838000.000,4160000.000
WeightedAverageNumberOfDilutedSharesOutstanding,42722000.000,43409.000,46101000.000,-44875409.000,43737000.000,44099000.000,48676000.000,-88478000.000,49439000.000,49840000.000,50154000.000,-99485000.000,50704000.000,50922000.000,50880000.000,-101661000.000,51472000.000,51723000.000,52207000.000,-103465000.000,52268000.000,53105000.000,55726000.000,-106827000.000,56427000.000
WeightedAverageNumberOfSharesOutstandingBasic,34928000.000,34971.000,35550000.000,-35157971.000,36207000.000,36329000.000,36381000.000,-72552000.000,36976000.000,37486000.000,39331000.000,-75094000.000,46195000.000,46520000.000,46639000.000,-92830000.000,47239000.000,47567000.000,48158000.000,-95126000.000,48448000.000,49140000.000,51679000.000,-98989000.000,52267000.000
