,2011-03-31,2011-06-30,2011-09-30,2011-12-31,2012-03-31,2012-06-30,2012-09-30,2012-12-31,2013-03-31,2013-06-30,2013-09-30,2013-12-31,2014-03-31,2014-06-30,2014-09-30,2014-12-31,2015-03-31,2015-06-30,2015-09-30,2015-12-31,2016-03-31,2016-06-30,2016-09-30,2016-12-31,2017-03-31
AllocatedShareBasedCompensationExpense,,2500000.000,2600000.000,,2400000.000,2900000.000,-200000.000,3900000.000,2700000.000,2000000.000,1800000.000,5100000.000,1300000.000,1400000.000,1500000.000,1600000.000,1600000.000,1500000.000,1500000.000,1600000.000,1500000.000,1500000.000,1500000.000,1600000.000,1600000.000
AmortizationOfDebtDiscountPremium,3043000.000,,,,3307000.000,,,,3593000.000,,,,3274000.000,,,,,,,,,,,,
AmortizationOfFinancingCosts,1309000.000,,,,1212000.000,,,,1165000.000,,,,1421000.000,,,,1396000.000,,,,1216000.000,,,,1263000.000
AntidilutiveSecuritiesExcludedFromComputationOfEarningsPerShareAmount,,,,,,834000.000,817000.000,,200000.000,100000.000,200000.000,-400000.000,0.000,0.000,0.000,0.000,,,,,,,,,
AssetImpairmentCharges,,,,,,,,,,,,,,,,,2890000.000,,,,,,,,
AssetsDisposedOfByMethodOtherThanSaleInPeriodOfDispositionGainLossOnDisposition,,,-3500000.000,,,,,,,,,,,,,,,,,,,,,,
CashAndCashEquivalentsPeriodIncreaseDecrease,-37430000.000,,,,-24526000.000,,,,-52322000.000,,,,-6162000.000,,,,-23409000.000,,,,859000.000,,,,-25149000.000
CashProvidedByUsedInFinancingActivitiesDiscontinuedOperations,0.000,,,,,,,,,,,,,,,,,,,,,,,,
CashProvidedByUsedInInvestingActivitiesDiscontinuedOperations,0.000,,,,,,,,,,,,,,,,,,,,,,,,
CashProvidedByUsedInOperatingActivitiesDiscontinuedOperations,-26000.000,,,,13000.000,,,,49000.000,,,,-230000.000,,,,,,,,,,,,
CommonStockDividendsPerShareDeclared,,,,,,,,,0.500,0.500,0.500,0.500,0.550,0.550,0.550,0.550,0.650,0.650,0.700,0.700,0.750,0.750,0.750,0.750,0.800
ComprehensiveIncomeNetOfTax,,12150000.000,-712000.000,,6028000.000,8954000.000,-26674000.000,-3524000.000,54942000.000,24789000.000,18196000.000,35909000.000,20600000.000,27944000.000,15079000.000,45617000.000,4591000.000,41426000.000,26364000.000,40414000.000,26391000.000,51334000.000,29979000.000,54441000.000,32631000.000
CostsAndExpenses,133878000.000,132746000.000,135817000.000,163949000.000,134983000.000,139216000.000,134822000.000,161884000.000,224357000.000,216280000.000,201393000.000,236344000.000,213654000.000,210427000.000,215932000.000,247873000.000,217258000.000,217021000.000,220052000.000,275731000.000,222703000.000,229270000.000,225153000.000,258276000.000,228982000.000
DeferredIncomeTaxExpenseBenefit,-1346000.000,,,,4479000.000,,,,-67107000.000,,,,-1070000.000,,,,-241000.000,,,,-1461000.000,,,,-187000.000
DefinedBenefitPlanRecognizedNetGainLossDueToSettlements1,,,,,,,,,,-1290000.000,-200000.000,,,,,,,,,,,,,,
DepreciationAndAmortization,29057000.000,29271000.000,32367000.000,34594000.000,32434000.000,30254000.000,30701000.000,37302000.000,32009000.000,29054000.000,27916000.000,27549000.000,28003000.000,28232000.000,28033000.000,28010000.000,28570000.000,28399000.000,28498000.000,28916000.000,28773000.000,26409000.000,26706000.000,27928000.000,27637000.000
DerivativeInstrumentsGainLossRecognizedInIncomeIneffectivePortionAndAmountExcludedFromEffectivenessTestingNet,,0.000,0.000,,,,,,,,,,,,,,,,,,,,,,
DerivativeInstrumentsGainLossRecognizedInOtherComprehensiveIncomeEffectivePortionNet,,5475000.000,1404000.000,,,,,,,,,,,,,,,,,,,,,,
DirectCostsOfHotels,,,,,,,,,159372000.000,159277000.000,151260000.000,183897000.000,166673000.000,160736000.000,164390000.000,196410000.000,164950000.000,165491000.000,164465000.000,204387000.000,172263000.000,175130000.000,170900000.000,203600000.000,176789000.000
Dividends,,,,,,,,,26100000.000,25300000.000,25300000.000,25000000.000,27900000.000,28000000.000,28100000.000,28000000.000,33300000.000,33300000.000,,,,,,,
DividendsCommonStock,,,,,,,,,,,,,,,,,,,35900000.000,,,,,,
DividendsCommonStockCash,,,,,,,,,,,,,,,,,,,,,38200000.000,38300000.000,38300000.000,38200000.000,40900000.000
EarlyRepaymentOfSeniorDebt,,,,,,,,,152180000.000,,,,,,,,,,,,,,,,
EarningsPerShareBasic,-0.040,0.180,-0.030,0.100,0.120,0.180,-0.570,-0.290,1.030,0.220,0.360,0.610,0.410,0.450,0.300,1.220,0.090,0.810,0.520,0.760,0.520,1.010,0.660,0.930,0.640
EarningsPerShareDiluted,-0.040,0.170,-0.030,0.100,0.120,0.170,-0.570,-0.280,0.810,0.180,0.300,0.520,0.320,0.380,0.250,1.220,0.090,0.800,0.520,0.750,0.510,1.000,0.660,0.940,0.630
EffectiveIncomeTaxRateContinuingOperations,,0.360,1.300,,0.430,0.560,0.380,-1.300,,,,,,,,,,,,,,,,,
ExcessTaxBenefitFromShareBasedCompensationFinancingActivities,,,,,,,,,212000.000,,,,10000.000,,,,,,,,,,,,
ExcessTaxBenefitFromShareBasedCompensationOperatingActivities,,,,,,,,,212000.000,,,,10000.000,,,,,,,,,,,,
FoodAndBeverageCostOfSales,,,,,,,,,61248000.000,60406000.000,55920000.000,59579000.000,63182000.000,61058000.000,60508000.000,63610000.000,65075000.000,64789000.000,63797000.000,67919000.000,68257000.000,67998000.000,64790000.000,66262000.000,69157000.000
FoodAndBeverageRevenue,,,,,,,,,98188000.000,99309000.000,88193000.000,96650000.000,110071000.000,103357000.000,98232000.000,100401000.000,118331000.000,119042000.000,108558000.000,115226000.000,122233000.000,127217000.000,113100000.000,114943000.000,126169000.000
GainLossOnRepurchaseOfDebtInstrument,,,,,,,,,,,,,,,,,-20186000.000,,,,,,,,
GainLossOnSaleOfPropertyPlantEquipment,-201000.000,,,,,,,,,,,,,,,,,,,,,,,,
GainsLossesOnExtinguishmentOfDebt,,0.000,0.000,,,,,,,,-4181000.000,,,-2148000.000,,,,,,,,,,,
GeneralAndAdministrativeExpense,,,,,,,,,,,,,,,,,,,8017000.000,,6971000.000,6897000.000,8447000.000,6828000.000,7515000.000
ImpairmentOfLongLivedAssetsToBeDisposedOf,,,,,,,21300000.000,,132000.000,1247000.000,110000.000,1487000.000,,,,,2890000.000,,,,,,,,
IncomeLossFromContinuingOperationsBeforeIncomeTaxesExtraordinaryItemsNoncontrollingInterest,,,,,10476000.000,20287000.000,-43253000.000,-16179000.000,-12522000.000,14584000.000,5783000.000,17970000.000,20158000.000,28555000.000,14654000.000,61633000.000,4853000.000,42255000.000,22079000.000,30469000.000,25461000.000,52746000.000,35415000.000,49144000.000,33213000.000
IncomeLossFromContinuingOperationsIncludingPortionAttributableToNoncontrollingInterest,-1961000.000,8633000.000,-1659000.000,5055000.000,6007000.000,8973000.000,-26672000.000,-14943000.000,53770000.000,16368000.000,18233000.000,30106000.000,20642000.000,27979000.000,15117000.000,62729000.000,,,,,,,,,
IncomeLossFromContinuingOperationsPerBasicShare,-0.040,0.180,-0.030,0.100,0.120,0.180,-0.570,-0.290,1.030,0.220,0.360,0.610,0.410,0.450,0.300,1.220,,,,,,,,,
IncomeLossFromContinuingOperationsPerDilutedShare,-0.040,0.170,-0.030,0.100,0.120,0.170,-0.570,-0.280,0.810,0.180,0.300,0.520,0.320,0.380,0.250,1.220,,,,,,,,,
IncomeLossFromDiscontinuedOperationsNetOfTax,4000.000,4000.000,53000.000,48000.000,21000.000,-19000.000,-2000.000,-9000.000,10000.000,11000.000,-202000.000,56000.000,11000.000,12000.000,13000.000,-51000.000,,,,,,,,,
IncomeLossFromDiscontinuedOperationsNetOfTaxPerBasicShare,,0.000,,,,,0.000,,0.000,0.000,,,,0.000,0.000,,,,,,,,,,
IncomeLossFromDiscontinuedOperationsNetOfTaxPerDilutedShare,,0.000,,,,,0.000,,0.000,0.000,,,,0.000,0.000,,,,,,,,,,
IncomeLossFromEquityMethodInvestments,173000.000,152000.000,761000.000,0.000,,109000.000,,,,,10000.000,,,,,,,,,,-390000.000,-1058000.000,-638000.000,-708000.000,-774000.000
IncomeTaxExpenseBenefit,-967000.000,4799000.000,937000.000,2651000.000,4469000.000,11314000.000,-16581000.000,-1236000.000,-66292000.000,-1784000.000,-12450000.000,-12136000.000,-484000.000,576000.000,-463000.000,-1096000.000,321000.000,866000.000,-4612000.000,-8430000.000,-885000.000,1415000.000,1822000.000,1048000.000,593000.000
IncreaseDecreaseInAccountsPayableAndAccruedLiabilities,-11478000.000,,,,-18728000.000,,,,-74405000.000,,,,-13299000.000,,,,-27817000.000,,,,-668000.000,,,,-8261000.000
IncreaseDecreaseInAccountsReceivable,32134000.000,,,,21036000.000,,,,5402000.000,,,,15373000.000,,,,24976000.000,,,,6274000.000,,,,19016000.000
IncreaseDecreaseInAccruedInterestReceivableNet,-5089000.000,,,,-551000.000,,,,-475000.000,,,,-422000.000,,,,-379000.000,,,,,,,,
IncreaseDecreaseInOtherOperatingCapitalNet,1882000.000,,,,-3320000.000,,,,-5847000.000,,,,-4770000.000,,,,2638000.000,,,,-3792000.000,,,,-2696000.000
IncreaseDecreaseInRestrictedCash,,,,,,,,,,,,,-9509000.000,,,,3594000.000,,,,7603000.000,,,,-2858000.000
IncrementalCommonSharesAttributableToCallOptionsAndWarrants,,0.000,,,,722000.000,,,6002000.000,5678000.000,3702000.000,-10641000.000,5725000.000,3224000.000,3435000.000,,,,,,,,,,
IncrementalCommonSharesAttributableToConversionOfDebtSecurities,,1851000.000,0.000,,814000.000,2803000.000,,,7702000.000,7464000.000,5416000.000,-14278000.000,7152000.000,6033000.000,6307000.000,-14960000.000,,,,,,,,,
IncrementalCommonSharesAttributableToShareBasedPaymentArrangements,,723000.000,0.000,,608000.000,675000.000,,,589000.000,504000.000,460000.000,-962000.000,573000.000,464000.000,442000.000,-992000.000,398000.000,332000.000,347000.000,-706000.000,352000.000,244000.000,266000.000,-559000.000,328000.000
InterestExpense,20809000.000,21377000.000,18075000.000,14412000.000,14362000.000,14451000.000,15136000.000,14633000.000,13323000.000,17424000.000,15187000.000,14982000.000,15670000.000,15472000.000,17135000.000,13170000.000,13813000.000,17814000.000,16138000.000,16136000.000,16039000.000,16016000.000,15947000.000,15904000.000,15864000.000
InvestmentIncomeAmortizationOfDiscount,,100000.000,100000.000,,,,,,,,,,,,,,,,,,,,,,
InvestmentIncomeInterest,3173000.000,3316000.000,3199000.000,2772000.000,3154000.000,3021000.000,3081000.000,3051000.000,3051000.000,3052000.000,3020000.000,3144000.000,3031000.000,3038000.000,3001000.000,3005000.000,3008000.000,3393000.000,2982000.000,3001000.000,3143000.000,3008000.000,2965000.000,2384000.000,2948000.000
NetCashProvidedByUsedInFinancingActivities,4010000.000,,,,-11955000.000,,,,5394000.000,,,,-28018000.000,,,,-12579000.000,,,,-15258000.000,,,,-9618000.000
NetCashProvidedByUsedInFinancingActivitiesContinuingOperations,4010000.000,,,,-11955000.000,,,,5394000.000,,,,-28018000.000,,,,-12579000.000,,,,-15258000.000,,,,-9618000.000
NetCashProvidedByUsedInInvestingActivities,-33462000.000,,,,-26486000.000,,,,-10854000.000,,,,-7975000.000,,,,-14702000.000,,,,-37156000.000,,,,-53852000.000
NetCashProvidedByUsedInInvestingActivitiesContinuingOperations,-33462000.000,,,,-26486000.000,,,,-10854000.000,,,,-7975000.000,,,,-14702000.000,,,,-37156000.000,,,,-53852000.000
NetCashProvidedByUsedInOperatingActivities,-7978000.000,,,,13915000.000,,,,-46862000.000,,,,29831000.000,,,,3872000.000,,,,53273000.000,,,,38321000.000
NetCashProvidedByUsedInOperatingActivitiesContinuingOperations,-7952000.000,,,,13902000.000,,,,-46911000.000,,,,30061000.000,,,,3872000.000,,,,53273000.000,,,,38321000.000
NetIncomeLoss,-1957000.000,8637000.000,-1606000.000,5103000.000,6028000.000,8954000.000,-26674000.000,-14952000.000,53780000.000,16379000.000,18031000.000,30162000.000,20653000.000,27991000.000,15130000.000,62678000.000,4532000.000,41389000.000,26691000.000,38899000.000,26346000.000,51331000.000,33593000.000,48096000.000,32620000.000
NetIncomeLossAvailableToCommonStockholdersBasic,,,,,,,,,,11510000.000,18031000.000,,,23039000.000,15130000.000,,4532000.000,41389000.000,26691000.000,38899000.000,,,,,
NonoperatingIncomeExpense,-191000.000,141000.000,-444000.000,-422000.000,,,2251000.000,,-6000.000,53000.000,2318000.000,82000.000,,-4349000.000,-295000.000,,-20232000.000,-339000.000,,,,,,,
OccupancyCosts,,,,,,,,,25087000.000,26564000.000,26369000.000,28829000.000,28550000.000,27910000.000,29455000.000,30188000.000,26067000.000,26802000.000,27347000.000,29851000.000,25981000.000,28140000.000,28371000.000,27126000.000,28028000.000
OccupancyRevenue,,,,,,,,,85509000.000,96073000.000,83804000.000,91927000.000,91082000.000,99376000.000,92378000.000,101349000.000,94721000.000,104540000.000,92828000.000,112368000.000,96969000.000,111331000.000,101085000.000,110626000.000,103369000.000
OperatingIncomeLoss,14726000.000,31200000.000,13837000.000,19768000.000,21684000.000,31608000.000,-33449000.000,-24597000.000,-2244000.000,28903000.000,19803000.000,29726000.000,32797000.000,47486000.000,29083000.000,43739000.000,35890000.000,57015000.000,32768000.000,36389000.000,38794000.000,66945000.000,46567000.000,61499000.000,47060000.000
OtherComprehensiveIncomeLossNetOfTax,,,,,,,,,0.000,13600000.000,200000.000,1684000.000,,,,,,,,,,,,,
OtherComprehensiveIncomeLossNetOfTaxPeriodIncreaseDecrease,,0.000,-6000.000,,,,,,,,,,,,,,,,,,,,,,
OtherComprehensiveIncomeLossPensionAndOtherPostretirementBenefitPlansAdjustmentBeforeReclassificationAdjustmentsAndTax,,,,,,,,,,,,,0.000,0.000,0.000,20231000.000,0.000,0.000,600000.000,-2520000.000,0.000,0.000,3700000.000,-6299000.000,
OtherComprehensiveIncomeLossPensionAndOtherPostretirementBenefitPlansTax,,,,,,,,,1000000.000,5200000.000,,,,,,,,,,,,,,,
OtherComprehensiveIncomeLossReclassificationAdjustmentFromAOCIPensionAndOtherPostretirementBenefitPlansBeforeTax,,,,,,,,,,,,,-100000.000,-100000.000,0.000,-35000.000,100000.000,100000.000,0.000,-112000.000,0.000,100000.000,0.000,80000.000,
OtherComprehensiveIncomeLossReclassificationAdjustmentFromAOCIPensionAndOtherPostretirementBenefitPlansForNetGainLossBeforeTax,,,,,,,,,,100000.000,,,,,,,,,,,,,,,
OtherComprehensiveIncomeLossReclassificationAdjustmentOnDerivativesIncludedInNetIncomeBeforeTax,,,,,,0.000,,,,,,,,,,,,,,,,,,,
OtherComprehensiveIncomeReclassificationOfDefinedBenefitPlansNetGainLossRecognizedInNetPeriodicBenefitCostBeforeTax,,,,,,,,,100000.000,,,,,,,,,,,,,,,,
OtherComprehensiveIncomeUnrealizedGainLossOnDerivativesArisingDuringPeriodBeforeTax,,,,,,0.000,,,,,,,,,,,,,,,,,,,
OtherComprehensiveIncomeUnrealizedGainLossOnDerivativesArisingDuringPeriodTax,,,,,0.000,0.000,0.000,,,,,,,,,,,,,,,,,,
OtherDirectCostsOfHotels,,,,,,,,,69568000.000,68583000.000,65718000.000,91283000.000,71030000.000,67816000.000,70805000.000,97946000.000,70296000.000,70109000.000,70108000.000,102476000.000,72688000.000,73491000.000,73331000.000,103264000.000,74073000.000
OtherHotelOperatingRevenue,,,,,,,,,25884000.000,27449000.000,27307000.000,58216000.000,31050000.000,30197000.000,28492000.000,68181000.000,23402000.000,22253000.000,23456000.000,59878000.000,24989000.000,23781000.000,26834000.000,66535000.000,24616000.000
OtherNonoperatingIncomeExpense,,,,,,,,,,,,,,,,,,-339000.000,2467000.000,,-47000.000,-133000.000,2468000.000,1873000.000,-157000.000
OtherTaxExpenseBenefit,,,,,,,,,,,,,,,-500000.000,,,,,,,,,,
OwnedPropertyManagementCosts,,,,,,,,,3469000.000,3724000.000,3253000.000,4206000.000,3911000.000,3952000.000,3622000.000,4666000.000,3512000.000,3791000.000,3213000.000,4141000.000,5337000.000,5501000.000,4408000.000,6948000.000,5531000.000
PaymentsForCapitalImprovements,,,,,,,,,,,,,,,,,,,,,13240000.000,,,,37710000.000
PaymentsForProceedsFromOtherInvestingActivities,-1570000.000,,,,-378000.000,,,,715000.000,,,,,,,,2453000.000,,,,1575000.000,,,,2691000.000
PaymentsForRepurchaseOfCommonStock,,,,,,,,,55676000.000,,,,,,,,,,,,24811000.000,,,,
PaymentsForRepurchaseOfWarrants,,,,,,,,,,,,,,,,,154681000.000,,,,,,,,
PaymentsOfDividendsCommonStock,,,,,,,,,,,,,25459000.000,,,,28756000.000,,,,36433000.000,,,,38900000.000
PaymentsOfFinancingCosts,,,,,,,,,22000.000,,,,,,,,,,,,,,,,
PaymentsRelatedToTaxWithholdingForShareBasedCompensation,,,,,,,,,,,,,,,,,,,,,2921000.000,,,,3741000.000
PaymentsToAcquireInterestInJointVenture,,,,,,,,,,,,,,,,,,,,,21523000.000,,,,16309000.000
PaymentsToAcquirePropertyPlantAndEquipment,37497000.000,,,,29734000.000,,,,10139000.000,,,,17484000.000,,,,18655000.000,,,,,,,,
PreOpeningCosts,,41000.000,345000.000,,331000.000,8000.000,1000.000,0.000,,,,,,,,,592000.000,199000.000,118000.000,0.000,,,,,216000.000
ProceedsFromCollectionOfLoansReceivable,,,,,6600000.000,,,,3500000.000,,,,,,,,,,,,,,,,
ProceedsFromCollectionOfNotesReceivable,2465000.000,,,,2870000.000,,,,,,,,,,,,,,,,,,,,
ProceedsFromIssuanceOfSharesUnderIncentiveAndShareBasedCompensationPlansIncludingStockOptions,4052000.000,,,,3232000.000,,,,4255000.000,,,,1078000.000,,,,1015000.000,,,,913000.000,,,,
ProceedsFromPaymentsForOtherFinancingActivities,-42000.000,,,,-187000.000,,,,-195000.000,,,,-147000.000,,,,-157000.000,,,,-6000.000,,,,23000.000
ProceedsFromRepaymentsOfFirstMortgageBond,,,,,-15000000.000,,,,209000000.000,,,,-3500000.000,,,,171000000.000,,,,55000000.000,,,,33000000.000
ProceedsFromRepaymentsOfSecuredDebt,,,,,,,,,,,,,,,,,,,,,-1000000.000,,,,
ProceedsFromSaleAndCollectionOfOtherReceivables,,,,,,,,,,,,,,,,,,,,,6785000.000,,,,
ProceedsFromStockOptionsExercised,,,,,,,,,,,,,,,,,,,,,913000.000,,,,
RepaymentsOfOtherLongTermDebt,,,,,,,,,,,,,,,,,,,,,6000000.000,,,,
RepaymentsOfSecuredDebt,,,,,,,,,,,,,,,,,1000000.000,,,,,,,,
Revenues,220738000.000,236775000.000,225232000.000,269399000.000,238915000.000,253229000.000,228129000.000,266321000.000,222113000.000,245183000.000,221196000.000,266070000.000,246451000.000,257913000.000,245015000.000,291612000.000,253148000.000,274036000.000,252820000.000,312120000.000,261497000.000,296215000.000,271720000.000,319775000.000,276042000.000
SalesRevenueNet,220738000.000,236775000.000,225232000.000,269399000.000,238915000.000,253229000.000,228129000.000,266321000.000,222113000.000,245183000.000,221196000.000,266070000.000,246451000.000,257913000.000,245015000.000,291612000.000,253148000.000,274036000.000,252820000.000,312120000.000,261497000.000,296215000.000,271720000.000,319775000.000,276042000.000
SellingGeneralAndAdministrativeExpense,43078000.000,43048000.000,42704000.000,50471000.000,49309000.000,51771000.000,44510000.000,36663000.000,,,,,,,,,,,,,,,,,
ShareBasedCompensation,2323000.000,,,,2356000.000,,,,2680000.000,,,,1281000.000,,,,1591000.000,,,,1549000.000,,,,1569000.000
StockRepurchaseProgramAuthorizedAmount,,,,,,,,,100000000.000,,,,,,,,,,,,,,,,
StockRepurchasedAndRetiredDuringPeriodShares,,,,,,,,,1300000.000,,,,,,,,,,,,,,,,
StockRepurchasedAndRetiredDuringPeriodValue,,,,,,,,,55700000.000,,,,,,,,,,,,,,,,
UnrecognizedTaxBenefitsDecreasesResultingFromCurrentPeriodTaxPositions,,,,,,,,,6700000.000,,,,,,,,,,,,,,,,
UnrecognizedTaxBenefitsDecreasesResultingFromSettlementsWithTaxingAuthorities,,,,,,,,,12400000.000,,,,,,,,,,,,,,,,
UnrecognizedTaxBenefitsInterestOnIncomeTaxesExpense,,,,,,,,,-2100000.000,,,,,,,,,,,,,,,,
WeightedAverageNumberOfDilutedSharesOutstanding,,50944000.000,48399000.000,,50137000.000,53174000.000,46546000.000,-102255000.000,66720000.000,64890000.000,60102000.000,-128902000.000,64073000.000,60535000.000,61159000.000,-129887000.000,51521000.000,51601000.000,51630000.000,-103140000.000,51398000.000,51221000.000,51270000.000,-102577000.000,51373000.000
WeightedAverageNumberOfSharesOutstandingBasic,,48370000.000,48399000.000,,48715000.000,48974000.000,46546000.000,-96633000.000,52427000.000,51244000.000,50524000.000,-103021000.000,50623000.000,50814000.000,50975000.000,-101551000.000,51123000.000,51269000.000,51283000.000,-102434000.000,51046000.000,50977000.000,51004000.000,-102018000.000,51045000.000
WriteOffOfDeferredDebtIssuanceCost,,,,,,,,,544000.000,,,,,,,,,1928000.000,,,,,,,
