,2011-06-30,2011-09-30,2012-03-31,2012-06-30,2012-09-30,2012-12-31,2013-03-31,2013-06-30,2013-09-30,2013-12-31,2014-03-31,2014-06-30,2014-09-30,2014-12-31,2015-03-31,2015-06-30,2015-09-30,2015-12-31,2016-03-31,2016-06-30,2016-09-30,2016-12-31,2017-03-31,2017-06-30
AccretionAmortizationOfDiscountsAndPremiumsInvestments,,,0.000,61000.000,113000.000,119000.000,126000.000,60000.000,62000.000,136000.000,0.000,0.000,0.000,,,,,,,,,,,
AdjustmentForAmortization,,,1176000.000,,,,7257000.000,,,,6311000.000,,,,13625000.000,,,,12053000.000,,,,,
AdvertisingExpense,,,,,,,,,,,,,,,34600000.000,44400000.000,33500000.000,19600000.000,34000000.000,34000000.000,27000000.000,14000000.000,23000000.000,38000000.000
AllocatedShareBasedCompensationExpense,,,2187000.000,2741000.000,3739000.000,3615000.000,17326000.000,7156000.000,7788000.000,9279000.000,7879000.000,6380000.000,6647000.000,7361000.000,7442000.000,8415000.000,9312000.000,9368000.000,8331000.000,9339000.000,9311000.000,9368000.000,9357000.000,10103000.000
AmortizationOfFinancingCosts,,,,472000.000,763000.000,,747000.000,766000.000,760000.000,741000.000,710000.000,845000.000,904000.000,853000.000,827000.000,829000.000,830000.000,825000.000,811000.000,799000.000,797000.000,593000.000,772000.000,715000.000
AmortizationOfFinancingCostsAndDiscounts,,,,,,,747000.000,,,,710000.000,,,,827000.000,,,,811000.000,,,,772000.000,
AmortizationOfIntangibleAssets,546000.000,535000.000,634000.000,3580000.000,4824000.000,4569000.000,4125000.000,3894000.000,3680000.000,3484000.000,3299000.000,9036000.000,8361000.000,7736000.000,7142000.000,6965000.000,7153000.000,6671000.000,6223000.000,5829000.000,5550000.000,5129000.000,4774000.000,4570000.000
AntidilutiveSecuritiesExcludedFromComputationOfEarningsPerShareAmount,,,,,0.000,,0.000,0.000,0.000,,88000.000,80000.000,80000.000,-144000.000,,56000.000,56000.000,,73000.000,73000.000,73000.000,-159000.000,86000.000,86000.000
AvailableForSaleSecuritiesContinuousUnrealizedLossPositionLessThan12MonthsAggregateLosses,,,,,,,,,,,0.000,,,,,,,,,,,,,
AvailableForSaleSecuritiesGrossRealizedGains,,,,,,,0.000,0.000,0.000,0.000,0.000,0.000,0.000,0.000,0.000,0.000,0.000,0.000,0.000,0.000,0.000,808000.000,0.000,0.000
AvailableForSaleSecuritiesGrossRealizedLosses,,,,,,,0.000,0.000,0.000,0.000,0.000,0.000,0.000,0.000,0.000,0.000,0.000,0.000,0.000,0.000,0.000,0.000,0.000,0.000
BusinessCombinationAcquisitionRelatedCosts,,,,,,,,,,,1100000.000,,,,,,,,,,,,,
CashAndCashEquivalentsPeriodIncreaseDecrease,,,3816000.000,,,,11367000.000,,,,-32510000.000,,,,14759000.000,,,,39902000.000,,,,5249000.000,
ComprehensiveIncomeNetOfTax,,,6028000.000,-7389000.000,8520000.000,4806000.000,-3987000.000,8301000.000,12704000.000,13704000.000,10177000.000,8972000.000,11586000.000,13280000.000,-7220000.000,-13379000.000,-6319000.000,22243000.000,16417000.000,13651000.000,22651000.000,26907000.000,22541000.000,24015000.000
CostOfGoodsSoldAmortization,,,422000.000,2158000.000,3027000.000,3027000.000,3027000.000,3026000.000,2954000.000,2876000.000,2877000.000,7880000.000,7790000.000,7743000.000,6347000.000,6576000.000,9964000.000,7190000.000,5696000.000,5687000.000,5736000.000,5700000.000,6119000.000,4770000.000
CostOfRevenue,22412000.000,21175000.000,24334000.000,28172000.000,30882000.000,31478000.000,33606000.000,32101000.000,31724000.000,31754000.000,33643000.000,39481000.000,40932000.000,42923000.000,45396000.000,44634000.000,53728000.000,45127000.000,42900000.000,42679000.000,42222000.000,46013000.000,51346000.000,55273000.000
DebtInstrumentPeriodicPaymentPrincipal,,,,,,,,,,,,,,,,,,,,,,,30.000,
DeferredIncomeTaxExpenseBenefit,,,2675000.000,,,,-7657000.000,,,,5090000.000,,,,3886000.000,,,,1706000.000,,,,2091000.000,
DeferredTaxExpenseFromStockOptionsExercised,,,,,,,,,5655000.000,,23429000.000,3390000.000,1348000.000,239000.000,2095000.000,5457000.000,418000.000,558000.000,430000.000,4000000.000,398000.000,,,
Depreciation,,,2144000.000,,,,2909000.000,,,,3540000.000,,,,4188000.000,,,,5468000.000,,,,,
DepreciationDepletionAndAmortization,,,2264000.000,2446000.000,2844000.000,2957000.000,3014000.000,3129000.000,3388000.000,3461000.000,3675000.000,3754000.000,4061000.000,4160000.000,4324000.000,5133000.000,5403000.000,5664000.000,5602000.000,5924000.000,6794000.000,51845000.000,17298000.000,
EarningsPerShareBasic,0.120,0.090,0.200,-0.250,0.250,0.170,-0.090,0.300,0.400,0.460,0.340,0.280,0.410,0.450,-0.190,-0.470,-0.170,0.720,0.520,0.480,0.720,0.920,0.690,0.680
EarningsPerShareDiluted,0.120,0.090,0.200,-0.250,0.240,0.180,-0.090,0.290,0.390,0.460,0.340,0.280,0.400,0.440,-0.190,-0.470,-0.170,0.720,0.520,0.480,0.720,0.900,0.680,0.680
EffectOfExchangeRateOnCashAndCashEquivalents,,,16000.000,,,,-30000.000,,,,38000.000,,,,-263000.000,,,,-215000.000,,,,58000.000,
EffectiveIncomeTaxRateContinuingOperations,,,0.420,,,,0.430,,,,0.380,,,,-0.100,,,,0.400,,,,0.370,
ExcessTaxBenefitFromShareBasedCompensationFinancingActivities,,,465000.000,,,,7305000.000,,,,23429000.000,,,,2095000.000,,,,430000.000,,,,,
ExcessTaxBenefitFromShareBasedCompensationOperatingActivities,,,465000.000,,,,7305000.000,,,,23429000.000,,,,2095000.000,,,,430000.000,,,,,
FairValueInputsDiscountRate,,,,,,,0.051,,,,0.049,,,,,,,,,,,,,
FairValueMeasurementWithUnobservableInputsReconciliationRecurringBasisAssetGainLossIncludedInOtherComprehensiveIncomeLoss,,,,,-735000.000,,63000.000,0.000,0.000,,178000.000,21000.000,42000.000,,168000.000,80000.000,8000.000,,229000.000,0.000,46000.000,,0.000,0.000
FairValueMeasurementWithUnobservableInputsReconciliationRecurringBasisAssetSettlements,,,50000.000,0.000,4150000.000,,50000.000,0.000,0.000,,0.000,550000.000,600000.000,,650000.000,700000.000,550000.000,,4700000.000,0.000,0.000,,0.000,0.000
FairValueMeasurementWithUnobservableInputsReconciliationRecurringBasisLiabilitySettlements,,,,0.000,0.000,,1344000.000,0.000,0.000,0.000,1344000.000,0.000,0.000,0.000,,,,,,,,,,
ForeignCurrencyTransactionGainLossBeforeTax,,,,,,,,,,,0.000,0.000,0.000,0.000,0.000,0.000,0.000,0.000,0.000,0.000,0.000,0.000,0.000,0.000
GeneralAndAdministrativeExpense,15845000.000,16631000.000,14494000.000,25491000.000,19617000.000,17552000.000,29820000.000,22697000.000,21940000.000,22499000.000,24897000.000,26250000.000,25388000.000,27381000.000,25363000.000,29909000.000,31074000.000,29161000.000,27476000.000,30227000.000,30572000.000,35022000.000,33995000.000,34557000.000
GoodwillAcquiredDuringPeriod,,,,,,,,,,,,,,,,,,,127000.000,,,,8275000.000,
GoodwillForeignCurrencyTranslationGainLoss,,,,,,,,,,,,,,,,,,,,,,,343000.000,
GoodwillTranslationAdjustments,,,840000.000,,,,-1509000.000,,,,237000.000,,,,-1098000.000,,,,-588000.000,,,,,
GrossProfit,39715000.000,42654000.000,44295000.000,57051000.000,65119000.000,68605000.000,70427000.000,76898000.000,80577000.000,83856000.000,85433000.000,108227000.000,112124000.000,113173000.000,113624000.000,126023000.000,135350000.000,147882000.000,156839000.000,164190000.000,170489000.000,172298000.000,175207000.000,181880000.000
ImpairmentOfIntangibleAssetsFinitelived,,,,,,,,,,,1053000.000,,746000.000,,1402000.000,,,,0.000,,,,,
IncomeLossFromContinuingOperationsBeforeIncomeTaxesExtraordinaryItemsNoncontrollingInterest,,,11922000.000,8171000.000,19641000.000,20458000.000,7568000.000,25332000.000,29792000.000,31520000.000,26992000.000,37579000.000,43692000.000,42987000.000,14306000.000,-1455000.000,22089000.000,55047000.000,47822000.000,,,,,
IncomeLossFromContinuingOperationsBeforeIncomeTaxesMinorityInterestAndIncomeLossFromEquityMethodInvestments,4087000.000,3198000.000,8852000.000,-1082000.000,7183000.000,8181000.000,-4249000.000,13608000.000,18086000.000,20092000.000,15663000.000,13218000.000,20828000.000,21204000.000,-5556000.000,-22346000.000,-2752000.000,33235000.000,27876000.000,25823000.000,37442000.000,45521000.000,35405000.000,25795000.000
IncomeTaxExpenseBenefit,1450000.000,887000.000,3720000.000,5628000.000,404000.000,3467000.000,-1839000.000,5315000.000,7034000.000,7293000.000,5923000.000,4969000.000,7871000.000,7281000.000,571000.000,-7380000.000,2610000.000,10245000.000,11155000.000,10247000.000,14241000.000,15948000.000,13275000.000,3611000.000
IncreaseDecreaseInAccountsPayableAndAccruedLiabilities,,,-7579000.000,,,,3587000.000,,,,-5991000.000,,,,13231000.000,,,,8412000.000,,,,11588000.000,
IncreaseDecreaseInAccountsReceivable,,,87000.000,,,,8380000.000,,,,12499000.000,,,,8640000.000,,,,9295000.000,,,,2760000.000,
IncreaseDecreaseInDeferredRevenue,,,843000.000,,,,4316000.000,,,,1525000.000,,,,1521000.000,,,,1150000.000,,,,2757000.000,
IncreaseDecreaseInDeposits,,,-141000.000,,,,322000.000,,,,39000.000,,,,-83000.000,,,,239000.000,,,,-117000.000,
IncreaseDecreaseInPrepaidDeferredExpenseAndOtherAssets,,,-138000.000,,,,325000.000,,,,1509000.000,,,,566000.000,,,,-542000.000,,,,359000.000,
IncrementalCommonSharesAttributableToShareBasedPaymentArrangements,,,,,,,,,591000.000,,567000.000,425000.000,333000.000,-899000.000,0.000,0.000,0.000,0.000,297000.000,262000.000,254000.000,-544000.000,287000.000,333000.000
InterestExpense,,,,,,,1755000.000,1758000.000,1736000.000,1694000.000,1615000.000,3753000.000,2698000.000,2415000.000,2343000.000,2354000.000,2363000.000,2351000.000,2509000.000,2455000.000,2498000.000,2554000.000,2686000.000,2693000.000
InterestExpenseDebt,,,,,,,,,,,,3753000.000,2698000.000,,2343000.000,2354000.000,2363000.000,2351000.000,2509000.000,2000000.000,2000000.000,3491000.000,3000000.000,3000000.000
InterestPaid,,,,,,,1400000.000,661000.000,1307000.000,923000.000,905000.000,2811000.000,1720000.000,1571000.000,1518000.000,1523000.000,1530000.000,1525000.000,2000000.000,1000000.000,2000000.000,2000000.000,1000000.000,1000000.000
InvestmentIncomeInterest,178000.000,194000.000,250000.000,-1069000.000,-1763000.000,3108000.000,104000.000,83000.000,52000.000,87000.000,137000.000,62000.000,46000.000,271000.000,294000.000,137000.000,42000.000,64000.000,84000.000,159000.000,344000.000,,,
NetCashProvidedByUsedInFinancingActivities,,,-814000.000,,,,5249000.000,,,,-21844000.000,,,,-4053000.000,,,,-8225000.000,,,,-39547000.000,
NetCashProvidedByUsedInFinancingActivitiesContinuingOperations,,,-814000.000,,,,5249000.000,,,,-21844000.000,,,,-4053000.000,,,,-8225000.000,,,,-39547000.000,
NetCashProvidedByUsedInInvestingActivities,,,-1767000.000,,,,-4560000.000,,,,-4149000.000,,,,-11094000.000,,,,416000.000,,,,-19819000.000,
NetCashProvidedByUsedInInvestingActivitiesContinuingOperations,,,-1767000.000,,,,-4560000.000,,,,-4149000.000,,,,-11094000.000,,,,416000.000,,,,-19819000.000,
NetCashProvidedByUsedInOperatingActivities,,,6381000.000,,,,10708000.000,,,,-6555000.000,,,,30169000.000,,,,47926000.000,,,,64557000.000,
NetCashProvidedByUsedInOperatingActivitiesContinuingOperations,,,6381000.000,,,,10708000.000,,,,-6555000.000,,,,30169000.000,,,,47926000.000,,,,64557000.000,
NetIncomeLoss,2637000.000,2311000.000,5132000.000,-6710000.000,6779000.000,4714000.000,-2410000.000,8293000.000,11052000.000,12799000.000,9740000.000,8249000.000,12957000.000,13923000.000,-6127000.000,-14966000.000,-5362000.000,22990000.000,16721000.000,15576000.000,23201000.000,29573000.000,22130000.000,22184000.000
OperatingExpenses,35806000.000,39650000.000,35693000.000,57064000.000,56173000.000,58700000.000,73025000.000,61615000.000,60807000.000,62157000.000,68292000.000,91318000.000,88644000.000,89825000.000,117131000.000,146152000.000,135781000.000,112360000.000,126538000.000,136071000.000,130893000.000,125409000.000,137545000.000,153997000.000
OperatingIncomeLoss,3909000.000,3004000.000,8602000.000,-13000.000,8946000.000,9905000.000,-2598000.000,15283000.000,19770000.000,21699000.000,17141000.000,16909000.000,23480000.000,23348000.000,-3507000.000,-20129000.000,-431000.000,35522000.000,30301000.000,28119000.000,39596000.000,46889000.000,37662000.000,27883000.000
OtherComprehensiveIncomeForeignCurrencyTransactionAndTranslationAdjustmentNetOfTaxPeriodIncreaseDecrease,,,934000.000,-662000.000,,,,,,,,,,,,,,,,,,,,
OtherComprehensiveIncomeLossForeignCurrencyTransactionAndTranslationAdjustmentNetOfTax,,,,,1014000.000,,-1640000.000,8000.000,1652000.000,590000.000,259000.000,702000.000,-1413000.000,-1238000.000,-1261000.000,1507000.000,-965000.000,-747000.000,-533000.000,-1925000.000,-596000.000,-1978000.000,411000.000,1831000.000
OtherComprehensiveIncomeLossNetOfTax,,,,,1741000.000,,-1577000.000,8000.000,1652000.000,905000.000,437000.000,723000.000,-1371000.000,-643000.000,-1093000.000,1587000.000,-957000.000,-747000.000,-304000.000,-1925000.000,-550000.000,-2666000.000,411000.000,1831000.000
OtherComprehensiveIncomeLossNetOfTaxPeriodIncreaseDecrease,,,896000.000,-679000.000,,,,,,,,,,,,,,,,,,,,
OtherComprehensiveIncomeLossReclassificationAdjustmentFromAOCIForSaleOfSecuritiesBeforeTax,,,,,,,,,,,0.000,0.000,0.000,0.000,0.000,0.000,0.000,0.000,0.000,0.000,0.000,,0.000,0.000
OtherComprehensiveIncomeUnrealizedHoldingGainLossOnSecuritiesArisingDuringPeriodNetOfTax,,,-38000.000,-17000.000,727000.000,101000.000,63000.000,0.000,0.000,315000.000,178000.000,21000.000,42000.000,595000.000,168000.000,80000.000,8000.000,0.000,229000.000,0.000,46000.000,120000.000,0.000,0.000
OtherDepreciationAndAmortization,,,,,,,,,,,,,,,,,,,,,,,6405000.000,6520000.000
OtherNonoperatingIncome,,,,,,,,,,,,,,,,,,,,,,,429000.000,605000.000
PaymentsForRent,,,-344000.000,-280000.000,-208000.000,1714000.000,,,,,,,,,,,,,,,,,,
PaymentsOfDebtIssuanceCosts,,,125000.000,,,,0.000,,,,,,,,,,,,,,,,,
PaymentsRelatedToTaxWithholdingForShareBasedCompensation,,,1611000.000,,,,3144000.000,,,,42555000.000,,,,5203000.000,,,,4835000.000,,,,5781000.000,
PaymentsToAcquireBusinessesNetOfCashAcquired,,,,,,,,,,,,,,,,,,,490000.000,,,,13673000.000,
PaymentsToAcquireProductiveAssets,,,3012000.000,,,,4643000.000,,,,4149000.000,,,,11744000.000,,,,3794000.000,,,,6146000.000,
ProceedsFromPaymentsForOtherFinancingActivities,,,,,,,-1344000.000,,,,-1344000.000,,,,0.000,,,,,,,,,
ProceedsFromSaleMaturityAndCollectionsOfInvestments,,,1245000.000,,,,83000.000,,,,0.000,,,,650000.000,,,,4700000.000,,,,0.000,
ProvisionForDoubtfulAccounts,,,358000.000,,,,321000.000,,,,986000.000,,,,1558000.000,,,,2218000.000,,,,1800000.000,
RepaymentsOfLongTermDebt,,,,,,,4375000.000,,,,4375000.000,,,,5000000.000,,,,5000000.000,,,,35000000.000,
ResearchAndDevelopmentExpenseSoftwareExcludingAcquiredInProcessCost,5135000.000,5017000.000,5015000.000,7977000.000,9722000.000,10042000.000,12102000.000,11488000.000,11562000.000,11605000.000,12351000.000,15143000.000,14227000.000,13705000.000,15148000.000,16844000.000,17048000.000,16720000.000,17635000.000,19547000.000,19357000.000,19861000.000,22374000.000,23144000.000
RestructuringReserveAccrualAdjustment,,,35000.000,,,,,,,,,,,,,,,,,,,,,
Revenues,62127000.000,63829000.000,68629000.000,85223000.000,96001000.000,100083000.000,104033000.000,108999000.000,112301000.000,115610000.000,119076000.000,147708000.000,153056000.000,156096000.000,159020000.000,170657000.000,189078000.000,193009000.000,199739000.000,206869000.000,212711000.000,218311000.000,226553000.000,237153000.000
SaleLeasebackTransactionNetProceeds,,,0.000,,,,,,,,,,,,,,,,,,,,,
SalesRevenueNet,62127000.000,63829000.000,68629000.000,85223000.000,96001000.000,100083000.000,104033000.000,108999000.000,112301000.000,115610000.000,119076000.000,147708000.000,153056000.000,156096000.000,159020000.000,170657000.000,189078000.000,193009000.000,199739000.000,206869000.000,212711000.000,218311000.000,226553000.000,237153000.000
SellingAndMarketingExpense,14280000.000,17467000.000,15550000.000,20016000.000,22010000.000,26537000.000,26978000.000,23536000.000,23625000.000,24569000.000,27745000.000,40889000.000,40668000.000,41003000.000,69478000.000,92434000.000,80506000.000,59808000.000,75204000.000,80468000.000,75414000.000,65397000.000,76402000.000,91726000.000
ShareBasedCompensation,,,2187000.000,,,,17326000.000,,,,7879000.000,,,,7442000.000,,,,8331000.000,,,,9357000.000,
StockIssuedDuringPeriodSharesStockOptionsExercised,,,7567.000,140273.000,76542.000,,146530.000,43509.000,150560.000,,43416.000,2419.000,20366.000,,38451.000,2617.000,0.000,,4500.000,16211.000,3367.000,,8290.000,69993.000
TaxBenefitFromStockOptionsExercised,,,465000.000,-465000.000,,,,,,,,,,,,,,,,,,,,
TaxBenefitFromStockOptionsExercised1,,,,,-57000.000,,7305000.000,2445000.000,,,,,,,,,,,,,,,,
WeightedAverageNumberOfDilutedSharesOutstanding,22426000.000,25317000.000,25528000.000,26465000.000,27673000.000,-52717000.000,27428000.000,28168000.000,28349000.000,-55733000.000,28840000.000,29486000.000,32075000.000,-59760000.000,31831000.000,31991000.000,31980000.000,-63852000.000,32382000.000,32448000.000,32440000.000,-64834000.000,32563000.000,32739000.000
WeightedAverageNumberOfSharesOutstandingBasic,22011000.000,24973000.000,25128000.000,26465000.000,27243000.000,-52303000.000,27428000.000,27636000.000,27758000.000,-55152000.000,28273000.000,29061000.000,31742000.000,-58861000.000,31831000.000,31991000.000,31980000.000,-63852000.000,32085000.000,32186000.000,32186000.000,-64290000.000,32276000.000,32406000.000
