,2011-03-31,2011-06-30,2011-09-30,2011-12-31,2012-03-31,2012-06-30,2012-09-30,2012-12-31,2013-03-31,2013-06-30,2013-09-30,2013-12-31,2014-03-31,2014-06-30,2014-09-30,2014-12-31,2015-03-31,2015-06-30,2015-09-30,2015-12-31,2016-03-31,2016-06-30,2016-09-30,2016-12-31,2017-03-31
AdjustmentsToAdditionalPaidInCapitalSharebasedCompensationRequisiteServicePeriodRecognitionValue,10900000.000,,,,13000000.000,,,,-11800000.000,,,,,,,,,,,,,,,,
AdjustmentsToAdditionalPaidInCapitalTaxEffectFromShareBasedCompensation,,,,,3500000.000,,,,3900000.000,,,,-4800000.000,,,,,,,,,,,,
AntidilutiveSecuritiesExcludedFromComputationOfEarningsPerShareAmount,100000.000,100000.000,200000.000,-200000.000,600000.000,400000.000,100000.000,100000.000,1000000.000,3300000.000,3300000.000,-5300000.000,4600000.000,3100000.000,3100000.000,-7600000.000,9400000.000,8500000.000,300000.000,-17600000.000,500000.000,400000.000,400000.000,-900000.000,200000.000
AssetImpairmentCharges,,,,,,,,,,21500000.000,0.000,,,0.000,0.000,,0.000,717400000.000,,,17200000.000,0.000,0.000,,30500000.000
AssetRetirementObligationAccretionExpense,13100000.000,15800000.000,15000000.000,9200000.000,15200000.000,17300000.000,21100000.000,13400000.000,19000000.000,18300000.000,13400000.000,15800000.000,15600000.000,15900000.000,15000000.000,34500000.000,14200000.000,13900000.000,12300000.000,5100000.000,13100000.000,11500000.000,12700000.000,4500000.000,14600000.000
AvailableForSaleSecuritiesGrossRealizedGainLossNet,,,,,,,,,100000.000,,,,,,,,,,,,,,,,
AvailableForSaleSecuritiesGrossRealizedGains,0.000,0.000,100000.000,1500000.000,0.000,100000.000,100000.000,-100000.000,100000.000,100000.000,100000.000,-100000.000,100000.000,100000.000,100000.000,-300000.000,100000.000,,,,,,,,
AvailableForSaleSecuritiesGrossRealizedLosses,0.000,0.000,0.000,,0.000,,,,,,,,,,,,,,,,,,,,
AvailableForSaleSecuritiesGrossUnrealizedGains,1000000.000,,,,,,,,,,,,100000.000,,,,300000.000,,,,,,,,
AvailableForSaleSecuritiesGrossUnrealizedLoss,100000.000,,,,,,,,,,,,1800000.000,,,,500000.000,,,,,,,,
CapitalExpendituresIncurredButNotYetPaid,,,,,,,,,66400000.000,,,,18300000.000,,,,11300000.000,,,,3400000.000,,,,1400000.000
CashAndCashEquivalentsPeriodIncreaseDecrease,-22000000.000,,,,153300000.000,,,,70700000.000,,,,64100000.000,,,,339100000.000,,,,484300000.000,,,,195800000.000
CashProvidedByUsedInInvestingActivitiesDiscontinuedOperations,,,,,-900000.000,,,,-100000.000,,,,0.000,,,,,,,,,,,,
CashProvidedByUsedInOperatingActivitiesDiscontinuedOperations,-200000.000,,,,-35900000.000,,,,-15800000.000,,,,-72800000.000,,,,-1800000.000,,,,-100000.000,,,,-8200000.000
CoalProductsAndServicesRevenue,1613700000.000,1800800000.000,1737300000.000,1939500000.000,1803000000.000,1716800000.000,1797200000.000,1724700000.000,1577200000.000,1588600000.000,1621400000.000,1592800000.000,1470200000.000,1598600000.000,1550500000.000,1513400000.000,1418700000.000,1226800000.000,1277400000.000,1215400000.000,879800000.000,905300000.000,1076800000.000,1256000000.000,1064100000.000
CommonStockDividendsPerShareDeclared,0.085,0.085,0.085,0.085,0.085,0.085,0.085,0.085,0.085,0.085,0.085,0.085,0.085,0.085,0.085,0.085,0.003,0.003,0.000,0.069,0.000,0.000,0.000,0.000,0.000
ComprehensiveIncomeNetOfTax,,,,,251400000.000,215200000.000,119300000.000,-1018200000.000,-22800000.000,-341300000.000,-12000000.000,-579000000.000,77400000.000,1200000.000,-358200000.000,-853000000.000,-247300000.000,-854600000.000,-355700000.000,-392500000.000,-109100000.000,-194300000.000,-100500000.000,-194000000.000,150600000.000
ComprehensiveIncomeNetOfTaxAttributableToNoncontrollingInterest,,,,,5600000.000,3100000.000,-1300000.000,3200000.000,,,,,4400000.000,,,,,,,,,,,,
ComprehensiveIncomeNetOfTaxIncludingPortionAttributableToNoncontrollingInterest,225700000.000,365700000.000,89800000.000,190600000.000,257000000.000,218300000.000,118000000.000,-1015000000.000,-18800000.000,-344500000.000,-5000000.000,-574500000.000,81800000.000,3300000.000,-356600000.000,-851400000.000,-244000000.000,-852800000.000,-352900000.000,-393300000.000,-109100000.000,-192600000.000,-98700000.000,-189600000.000,155400000.000
CurrentIncomeTaxExpenseBenefit,,,,,,,,,3700000.000,,,,,,,,,,,,,,,,
DebtorReorganizationItemsOtherExpenseIncome,,,,,,,,,,,,,,,,,,,,,,,,,10000000.000
DeferredIncomeTaxesAndTaxCredits,,,,,300000.000,,,,-47800000.000,,,,69900000.000,,,,-3600000.000,,,,-49400000.000,,,,-5000000.000
DefinedBenefitPlanFutureAmortizationOfPriorServiceCostCredit,,,,,,,,,,,,,17400000.000,0.000,0.000,-28800000.000,0.000,0.000,0.000,-10400000.000,0.000,,,,0.000
DefinedContributionPlanEmployerDiscretionaryContributionAmount,,,,,,,,,,,,,,,,,19600000.000,,,,,,,,
DepreciationDepletionAndAmortization,108800000.000,105300000.000,113700000.000,154400000.000,144900000.000,157300000.000,172500000.000,188700000.000,170700000.000,185700000.000,186400000.000,197500000.000,157200000.000,163100000.000,163600000.000,171800000.000,147500000.000,147100000.000,136000000.000,141600000.000,111800000.000,115900000.000,117800000.000,119900000.000,119900000.000
DerivativeInstrumentsGainLossReclassifiedFromAccumulatedOCIIntoIncomeEffectivePortionNet,80800000.000,108000000.000,100700000.000,95400000.000,130300000.000,92100000.000,93200000.000,84400000.000,91800000.000,62600000.000,14200000.000,5700000.000,-21000000.000,,,,,,,,,,,,
DerivativeInstrumentsGainLossRecognizedInIncomeIneffectivePortionAndAmountExcludedFromEffectivenessTestingNet,,-700000.000,-1200000.000,,4600000.000,100000.000,2200000.000,-11600000.000,200000.000,100000.000,200000.000,-1000000.000,-200000.000,,,,,,,,,,,,
DerivativeInstrumentsGainLossRecognizedInOtherComprehensiveIncomeEffectivePortionNet,218800000.000,156000000.000,-320800000.000,169600000.000,198400000.000,-91000000.000,218800000.000,-163700000.000,44600000.000,-517600000.000,67500000.000,-179800000.000,208000000.000,,,,,,,,,,,,
DiscontinuedOperationIncomeLossFromDiscontinuedOperationBeforeIncomeTax,,,,,8200000.000,-10900000.000,-127600000.000,-33600000.000,-16600000.000,-16100000.000,-62100000.000,-234900000.000,-100000.000,1200000.000,7600000.000,-32500000.000,-8900000.000,-36300000.000,-157500000.000,20500000.000,-3400000.000,,,,
DiscontinuedOperationTaxEffectOfDiscontinuedOperation,,,,,4200000.000,-3400000.000,-46300000.000,105200000.000,-7500000.000,-1800000.000,-19000000.000,-74800000.000,-300000.000,400000.000,2600000.000,1700000.000,0.000,0.000,0.000,-7200000.000,,,,,
DisposalGroupIncludingDiscontinuedOperationRevenue,,,,,48400000.000,46300000.000,41500000.000,92900000.000,32100000.000,35600000.000,38600000.000,30200000.000,,0.000,,,,,,,,,,,
DividendsCommonStockCash,23000000.000,,,,23200000.000,,,,22900000.000,,,,23100000.000,,,,700000.000,,,,,,,,
EarningsPerShareBasic,0.660,1.050,1.010,0.810,0.630,0.750,0.160,-3.730,-0.090,0.330,-0.100,-2.110,-0.180,-0.270,-0.560,-1.930,-0.650,-3.840,-16.730,-88.760,-9.030,-12.870,-7.410,-11.140,6.600
EarningsPerShareDiluted,0.650,1.050,1.000,0.820,0.630,0.750,0.160,-3.730,-0.090,0.330,-0.100,-2.110,-0.180,-0.270,-0.560,-1.930,-0.650,-3.840,-16.730,-88.760,-9.030,-12.870,-7.410,-11.140,6.570
EquityMethodInvestmentDividendsOrDistributions,,,,,221400000.000,,,,,,,,,,,,,,,,,,,,
EquityMethodInvestmentOtherThanTemporaryImpairment,,,,,,,,,,,,,,,,,,183400000.000,,,,,,,
ExcessTaxBenefitFromShareBasedCompensationFinancingActivities,4900000.000,,,,3500000.000,,,,0.000,,,,,,,,,,,,,,,,
FairValueAssetsMeasuredOnRecurringBasisGainLossIncludedInInvestmentIncome,10000000.000,-600000.000,,,,,,,,,,,,,,,,,,,,,,,
FairValueLevel1ToLevel2TransfersAmount,,,,,0.000,0.000,0.000,,,,,,,,,,,,,,,,,,
FairValueLevel2ToLevel1TransfersAmount,,,,,0.000,0.000,0.000,,,,,,,,,,,,,,,,,,
FairValueLiabilitiesMeasuredOnRecurringBasisChangeInUnrealizedGainLoss,,,,,,,,,,,,,,,,,,,68400000.000,,25000000.000,,,,
FairValueMeasurementWithUnobservableInputsReconciliationRecurringBasisAssetGainLossIncludedInEarnings,10100000.000,-1900000.000,,,,,,,,,,,,,,,,,,,,,,,
FairValueMeasurementWithUnobservableInputsReconciliationRecurringBasisAssetGainLossIncludedInOtherComprehensiveIncome,0.000,0.000,,,,,,,,,,,,,,,,,,,,,,,
FairValueMeasurementWithUnobservableInputsReconciliationRecurringBasisAssetSettlements,,-700000.000,,,,,,,,,,,,,,,,,,,,,,,
FairValueMeasurementWithUnobservableInputsReconciliationRecurringBasisAssetTransfersIntoLevel3,,,,,,,,,,,,,,,,,,,335800000.000,,,,,,
FairValueMeasurementWithUnobservableInputsReconciliationRecurringBasisAssetTransfersOutOfLevel3,,100000.000,,,,,,,,,,,,,,,,,,,,,,,
FairValueMeasurementWithUnobservableInputsReconciliationRecurringBasisGainLossIncludedInOtherComprehensiveIncomeLoss,,,,,,,,,,,,,,,,,,,181300000.000,,,,,,
FairValueMeasurementWithUnobservableInputsReconciliationRecurringBasisLiabilityGainLossIncludedInEarnings,,,,,,,,,,,,,,,,,,,-500000.000,,-78700000.000,71400000.000,,,
FairValueMeasurementWithUnobservableInputsReconciliationRecurringBasisLiabilitySettlements,,,,,,,,,,,,,,,,,,,-116400000.000,,16300000.000,275800000.000,,,
FairValueNetDerivativeAssetLiabilityMeasuredOnRecurringBasisUnobservableInputsReconciliationSettlements,,,,,,,,,,,,,,,,,,,,,,,,,257300000.000
ForeignCurrencyCashFlowHedgeGainLossReclassifiedToEarningsNet,,,,,,,,,,,,,,,,,,4100000.000,100000.000,,,,,,
GainLossOnDispositionOfAssets1,,,,,,,,,,,,,9800000.000,2200000.000,13900000.000,15500000.000,100000.000,12200000.000,7900000.000,24800000.000,1800000.000,13700000.000,1900000.000,5800000.000,22800000.000
GainLossOnDispositionOfProperty,4000000.000,25700000.000,1700000.000,45500000.000,4000000.000,3400000.000,200000.000,9500000.000,2600000.000,43200000.000,4100000.000,,,,,,,,,,,,,,
GainLossOnForeignCurrencyDerivativeInstrumentsNotDesignatedAsHedgingInstruments,0.000,0.000,,,,,,,,,,,,,,,,,,,,,,,
GainLossOnSaleOfProvedProperty,,,,,,,,,,40300000.000,,,,,,,,,,,,,,,
GainLossOnSecuritizationOfFinancialAssets,,,,,,,,,,,,,,,-400000.000,,-400000.000,-400000.000,-500000.000,-500000.000,-800000.000,-2400000.000,-2400000.000,-2600000.000,-2500000.000
GainOnDiscontinuationOfCashFlowHedgeDueToForecastedTransactionProbableOfNotOccurring,,,,,,,,,,,,,100000.000,,,,,,,,,,,,
GainsLossesOnExtinguishmentOfDebt,,,,,,2800000.000,,,,4500000.000,,,,,,,-59500000.000,-8300000.000,0.000,0.000,0.000,0.000,0.000,-29500000.000,
GainsLossesOnExtinguishmentOfDebtBeforeWriteOffOfDeferredDebtIssuanceCost,,,,,,600000.000,,,,,,,,,,,,,,,,,,,
ImpairmentOfInvestments,0.000,,,,,0.000,0.000,,,21500000.000,,,0.000,0.000,0.000,0.000,,,,,,,,,
IncomeLossFromContinuingOperations,177400000.000,285600000.000,276100000.000,282800000.000,176700000.000,212200000.000,124200000.000,-994600000.000,-14300000.000,104600000.000,17000000.000,-405600000.000,-48700000.000,-74100000.000,-155600000.000,-480400000.000,-167700000.000,-1009000000.000,-147200000.000,-497100000.000,,,,,126200000.000
IncomeLossFromContinuingOperationsBeforeIncomeTaxesExtraordinaryItemsNoncontrollingInterest,,412800000.000,320600000.000,,256300000.000,177500000.000,172200000.000,-814600000.000,-6600000.000,-83300000.000,5400000.000,-649800000.000,-96800000.000,-68000000.000,-74600000.000,-308500000.000,-161400000.000,-1100300000.000,-137500000.000,-591100000.000,-227500000.000,-260800000.000,-108500000.000,-161500000.000,126500000.000
IncomeLossFromContinuingOperationsIncludingPortionAttributableToNoncontrollingInterest,179600000.000,293000000.000,283500000.000,254400000.000,182300000.000,215300000.000,122900000.000,-991400000.000,-10300000.000,101400000.000,24000000.000,-401100000.000,-44300000.000,-72000000.000,-154000000.000,-478800000.000,-164400000.000,-1007200000.000,-144400000.000,-497900000.000,-161700000.000,-230800000.000,-95600000.000,-186200000.000,131000000.000
IncomeLossFromContinuingOperationsPerBasicShare,0.660,1.050,1.020,1.040,0.640,0.780,0.460,-3.680,-0.050,0.390,0.060,-1.520,-0.180,-0.280,-0.580,-1.790,-0.620,-3.710,-8.080,-87.930,-8.850,-12.710,-5.320,-10.420,6.820
IncomeLossFromContinuingOperationsPerDilutedShare,0.650,1.050,1.010,1.050,0.640,0.780,0.460,-3.680,-0.050,0.390,0.060,-1.520,-0.180,-0.280,-0.580,-1.790,-0.620,-3.710,-8.080,-87.930,-8.850,-12.710,-5.320,-10.420,6.800
IncomeLossFromDiscontinuedOperationsNetOfTax,-900000.000,-800000.000,-2000000.000,-60500000.000,-4000000.000,-7500000.000,-81300000.000,-11400000.000,-9100000.000,-14300000.000,-43100000.000,-160100000.000,200000.000,800000.000,5000000.000,-34200000.000,-8900000.000,-36300000.000,-157500000.000,27700000.000,-3400000.000,-3000000.000,-38100000.000,-13100000.000,4100000.000
IncomeLossFromDiscontinuedOperationsNetOfTaxAttributableToReportingEntity,,,-2000000.000,,-4000000.000,,,,,,,,,,,,,,,,,,,,
IncomeLossFromDiscontinuedOperationsNetOfTaxPerBasicShare,0.000,0.000,-0.010,-0.230,-0.010,-0.030,-0.300,-0.050,-0.040,-0.060,-0.160,-0.590,0.000,0.010,0.020,-0.140,-0.030,-0.130,-8.650,-0.830,-0.180,-0.160,-2.090,-0.720,-0.220
IncomeLossFromDiscontinuedOperationsNetOfTaxPerDilutedShare,0.000,0.000,-0.010,-0.230,-0.010,-0.030,-0.300,-0.050,-0.040,-0.060,-0.160,-0.590,0.000,0.010,0.020,-0.140,-0.030,-0.130,-8.650,-0.830,-0.180,-0.160,-2.090,-0.720,-0.230
IncomeLossFromEquityMethodInvestments,3000000.000,2800000.000,-3200000.000,-21800000.000,-22700000.000,-6600000.000,-21200000.000,-10700000.000,-17600000.000,-15400000.000,-2600000.000,-4600000.000,-6600000.000,-21600000.000,-15800000.000,-63600000.000,-3100000.000,-3900000.000,-5300000.000,-3600000.000,-9000000.000,-700000.000,-2900000.000,28800000.000,15000000.000
IncomeTaxExpenseBenefit,67800000.000,119800000.000,37100000.000,138500000.000,74000000.000,-37800000.000,49300000.000,176800000.000,3700000.000,-184700000.000,-18600000.000,-248700000.000,-52500000.000,4000000.000,79400000.000,170300000.000,3000000.000,-93100000.000,6900000.000,-93200000.000,-65800000.000,-30000000.000,-12900000.000,24700000.000,-4500000.000
IncomeTaxReconciliationChangeInDeferredTaxAssetsValuationAllowance,1300000.000,3500000.000,2500000.000,8100000.000,7000000.000,-43500000.000,4100000.000,553900000.000,,,,,,,,,,,,,,,,,
IncomeTaxReconciliationForeignIncomeTaxRateDifferential,-16300000.000,-33700000.000,-34900000.000,-14300000.000,-16600000.000,-52100000.000,-17500000.000,17500000.000,,,,,,,,,,,,,,,,,
IncomeTaxReconciliationIncomeTaxExpenseBenefitAtFederalStatutoryIncomeTaxRate,86600000.000,144500000.000,112200000.000,137500000.000,89700000.000,62100000.000,60200000.000,-285000000.000,,,,,,,,,,,,,,,,,
IncomeTaxReconciliationNondeductibleExpenseDepletion,-10800000.000,-14300000.000,-13900000.000,-31800000.000,-16500000.000,-17600000.000,-16700000.000,-18600000.000,,,,,,,,,,,,,,,,,
IncomeTaxReconciliationOtherAdjustments,-100000.000,2400000.000,3500000.000,15300000.000,7000000.000,9500000.000,6100000.000,-52800000.000,,,,,,,,,,,,,,,,,
IncomeTaxReconciliationRepatriationOfForeignEarnings,,,0.000,,,,,,,,,,,,,,,,,,,,,,
IncomeTaxReconciliationStateAndLocalIncomeTaxes,1800000.000,3900000.000,4800000.000,1800000.000,2400000.000,6300000.000,4400000.000,-14200000.000,,,,,,,,,,,,,,,,,
IncomeTaxReconciliationTaxCredits,3100000.000,4800000.000,4400000.000,5500000.000,4800000.000,5100000.000,13500000.000,-6000000.000,,,,,,,,,,,,,,,,,
IncreaseDecreaseInAccountsPayableAndAccruedLiabilities,-91400000.000,,,,-108700000.000,,,,41700000.000,,,,47100000.000,,,,-178900000.000,,,,-71100000.000,,,,-54900000.000
IncreaseDecreaseInAccountsReceivable,-82400000.000,,,,-261600000.000,,,,-77500000.000,,,,47500000.000,,,,-116100000.000,,,,-125800000.000,,,,-159300000.000
IncreaseDecreaseInAccountsReceivableFromSecuritization,,,,,75000000.000,,,,0.000,,,,55000000.000,,,,-15000000.000,,,,168500000.000,,,,0.000
IncreaseDecreaseInAssetRetirementObligations,7500000.000,,,,13400000.000,,,,12700000.000,,,,9500000.000,,,,11300000.000,,,,9000000.000,,,,10200000.000
IncreaseDecreaseInDueFromRelatedParties,,,,,,,,,23100000.000,,,,3100000.000,,,,,,,,,,,,31100000.000
IncreaseDecreaseInDueToRelatedParties,,,,,-322000000.000,,,,14800000.000,,,,1500000.000,,,,,,,,,,,,-400000.000
IncreaseDecreaseInInventories,30000000.000,,,,78800000.000,,,,23300000.000,,,,42700000.000,,,,-37500000.000,,,,8000000.000,,,,47200000.000
IncreaseDecreaseInOtherCurrentAssets,,,,,-6200000.000,,,,-7100000.000,,,,-5500000.000,,,,-100000.000,,,,36000000.000,,,,-100000.000
IncreaseDecreaseInOtherOperatingAssets,8700000.000,,,,,,,,,,,,,,,,,,,,,,,,
IncreaseDecreaseInOtherOperatingCapitalNet,900000.000,,,,-800000.000,,,,14800000.000,,,,,,,,,,,,,,,,
IncreaseDecreaseInPostretirementObligations,6300000.000,,,,7300000.000,,,,3800000.000,,,,3600000.000,,,,5300000.000,,,,-200000.000,,,,800000.000
IncreaseDecreaseInRestrictedCashForOperatingActivities,,,,,,,,,,,,,,,,,,,,,100200000.000,,,,94100000.000
IncreaseDecreaseInWorkersCompensationLiabilities,7100000.000,,,,1800000.000,,,,,,,,,,,,,,,,,,,,-3100000.000
IncrementalCommonSharesAttributableToShareBasedPaymentArrangements,3900000.000,1500000.000,,,,,,,,,,,,,,,,,,,,,,,
InterestExpense,51000000.000,49100000.000,59200000.000,79300000.000,102000000.000,106900000.000,99400000.000,97300000.000,101300000.000,110800000.000,111000000.000,102100000.000,103300000.000,105200000.000,114500000.000,105200000.000,106600000.000,118900000.000,118500000.000,121400000.000,126200000.000,59000000.000,58500000.000,54900000.000,32900000.000
InvestmentIncomeInterest,4100000.000,3500000.000,4100000.000,7200000.000,8100000.000,6500000.000,5100000.000,4800000.000,5900000.000,1100000.000,4200000.000,4500000.000,3600000.000,4400000.000,3700000.000,3700000.000,2500000.000,2700000.000,1400000.000,1100000.000,1400000.000,1300000.000,1300000.000,1700000.000,2700000.000
InvestmentsInAndAdvancesToAffiliatesAtFairValueGrossAdditions,,,,,-208900000.000,,,,,,,,,,,,,,,,,,,,
MarketableSecuritiesRealizedGainLossOtherThanTemporaryImpairmentsAmount,,,,,,,,,0.000,,,,,,,,,,,,,,,,
MinorityInterestDecreaseFromDistributionsToNoncontrollingInterestHolders,7900000.000,,,,3500000.000,,,,1800000.000,,,,800000.000,,,,1500000.000,,,,,,,,100000.000
NetCashProvidedByUsedInFinancingActivities,-31400000.000,,,,-39100000.000,,,,-132700000.000,,,,-29700000.000,,,,371400000.000,,,,936200000.000,,,,-57700000.000
NetCashProvidedByUsedInFinancingActivitiesContinuingOperations,-31400000.000,,,,-39100000.000,,,,-132700000.000,,,,-29700000.000,,,,371400000.000,,,,936200000.000,,,,-57700000.000
NetCashProvidedByUsedInInvestingActivities,-211200000.000,,,,-203100000.000,,,,-68300000.000,,,,39700000.000,,,,-35700000.000,,,,-12900000.000,,,,15100000.000
NetCashProvidedByUsedInInvestingActivitiesContinuingOperations,-211200000.000,,,,-202200000.000,,,,-68200000.000,,,,39700000.000,,,,-35700000.000,,,,-12900000.000,,,,15100000.000
NetCashProvidedByUsedInOperatingActivities,220600000.000,,,,395500000.000,,,,271700000.000,,,,54100000.000,,,,3400000.000,,,,-439000000.000,,,,238400000.000
NetCashProvidedByUsedInOperatingActivitiesContinuingOperations,220800000.000,,,,431400000.000,,,,287500000.000,,,,126900000.000,,,,5200000.000,,,,-438900000.000,,,,246600000.000
NetIncomeLoss,176500000.000,284800000.000,274100000.000,222300000.000,172700000.000,204700000.000,42900000.000,-1006000000.000,-23400000.000,90300000.000,-26100000.000,-565700000.000,-48500000.000,-73300000.000,-150600000.000,-514600000.000,-176600000.000,-1045300000.000,-304700000.000,-469400000.000,-165100000.000,-235500000.000,-135500000.000,-203700000.000,122100000.000
NetIncomeLossAttributableToNoncontrollingInterest,2200000.000,7400000.000,7400000.000,-28400000.000,5600000.000,3100000.000,-1300000.000,3200000.000,4000000.000,-3200000.000,7000000.000,4500000.000,4400000.000,2100000.000,1600000.000,1600000.000,3300000.000,1800000.000,2800000.000,-800000.000,0.000,1700000.000,1800000.000,4400000.000,4800000.000
NetIncomeLossAvailableToCommonStockholdersBasic,175600000.000,283100000.000,272500000.000,221200000.000,171500000.000,203200000.000,42700000.000,-1003100000.000,-23400000.000,89700000.000,-26300000.000,-565700000.000,-48800000.000,-73600000.000,-150900000.000,-514700000.000,-176600000.000,-1045300000.000,-304700000.000,-469400000.000,-165100000.000,-235500000.000,-135500000.000,-203700000.000,121100000.000
NetIncomeLossIncludingPortionAttributableToNonredeemableNoncontrollingInterest,,,,,,,,,,,,,,,,,,,,,,,,,126900000.000
OperatingCostsAndExpenses,,,,,,,,,,,,,1394800000.000,1467600000.000,1453300000.000,1401200000.000,1321600000.000,1198800000.000,1254000000.000,1233300000.000,920200000.000,996200000.000,1064800000.000,1126400000.000,963700000.000
OperatingIncomeLoss,294300000.000,458400000.000,375700000.000,465000000.000,350200000.000,277900000.000,266500000.000,-722100000.000,88800000.000,26400000.000,112200000.000,-552200000.000,2900000.000,32800000.000,36200000.000,-207000000.000,2200000.000,-975800000.000,-20400000.000,-470800000.000,-102700000.000,-107700000.000,-21600000.000,-44900000.000,198100000.000
OtherComprehensiveIncomeAvailableForSaleSecuritiesTax,,,,,6700000.000,-1500000.000,-3000000.000,1800000.000,,,,,,,,,,,,,,,,,
OtherComprehensiveIncomeDefinedBenefitPlansAdjustmentNetOfTaxPeriodIncreaseDecrease,13500000.000,10000000.000,10200000.000,75000000.000,13900000.000,13800000.000,13900000.000,33900000.000,,,,,,,,,,,,,,,,,
OtherComprehensiveIncomeDefinedBenefitPlansNetUnamortizedGainLossArisingDuringPeriodNetOfTax,,,,,,,,,0.000,,,,0.000,,,,0.000,,,,0.000,,,,0.000
OtherComprehensiveIncomeDefinedBenefitPlansTax,-200000.000,,,,8100000.000,,,,,,,,,,,,,,,,,,,,
OtherComprehensiveIncomeDerivativesQualifyingAsHedgesNetOfTaxPeriodIncreaseDecrease,32500000.000,64300000.000,-197400000.000,141500000.000,63600000.000,5400000.000,53800000.000,-71000000.000,,,,,,,,,,,,,,,,,
OtherComprehensiveIncomeDerivativesQualifyingAsHedgesTaxEffectPeriodIncreaseDecrease,34300000.000,,,,31400000.000,-28500000.000,36800000.000,-43600000.000,,,,,,,,,,,,,,,,,
OtherComprehensiveIncomeForeignCurrencyTransactionAndTranslationAdjustmentNetOfTaxPeriodIncreaseDecrease,,,,,12700000.000,-6100000.000,13800000.000,,,,,,,,,,,,,,,,,,
OtherComprehensiveIncomeForeignCurrencyTransactionAndTranslationGainLossArisingDuringPeriodNetOfTax,,,,,,,,,1100000.000,-74500000.000,4500000.000,-23800000.000,16500000.000,9900000.000,-36800000.000,-30600000.000,-27400000.000,1200000.000,-15300000.000,6600000.000,2700000.000,-1800000.000,1500000.000,-4200000.000,5500000.000
OtherComprehensiveIncomeLossAmortizationAdjustmentFromAOCIPensionAndOtherPostretirementBenefitPlansForNetPriorServiceCostCreditNetOfTax,,,,,,,,,,,,,-400000.000,-500000.000,400000.000,2200000.000,-1500000.000,-300000.000,-1700000.000,-200000.000,-1600000.000,-1700000.000,-1700000.000,-600000.000,-1400000.000
OtherComprehensiveIncomeLossAmortizationPensionAndOtherPostretirementBenefitPlansNetPriorServiceCostRecognizedInNetPeriodicPensionCostNetOfTax,,,,,,,,,-100000.000,-100000.000,-100000.000,,,,,,,,,,,,,,
OtherComprehensiveIncomeLossAvailableForSaleSecuritiesAdjustmentBeforeReclassificationAdjustmentsNetOfTax,,,,,,,,,-6200000.000,-7600000.000,2900000.000,-1400000.000,-1800000.000,500000.000,-400000.000,-2000000.000,-200000.000,,,,,,,,
OtherComprehensiveIncomeLossAvailableForSaleSecuritiesAdjustmentNetOfTax,,,,,,,,,,,,,,,-400000.000,,-200000.000,200000.000,200000.000,-200000.000,0.000,0.000,0.000,0.000,
OtherComprehensiveIncomeLossAvailableForSaleSecuritiesTax,,,,,,,,,3800000.000,3700000.000,1800000.000,-8800000.000,-1100000.000,300000.000,-200000.000,500000.000,-100000.000,0.000,0.000,0.000,0.000,0.000,0.000,0.000,0.000
OtherComprehensiveIncomeLossDerivativesQualifyingAsHedgesNetOfTax,,,,,,,,,-8400000.000,-377300000.000,-7500000.000,-150000000.000,121800000.000,57300000.000,-177200000.000,-207100000.000,-55700000.000,185900000.000,-46700000.000,36900000.000,49700000.000,39400000.000,29900000.000,27300000.000,18600000.000
OtherComprehensiveIncomeLossDerivativesQualifyingAsHedgesTax,,,,,,,,,10900000.000,-217100000.000,6700000.000,-100500000.000,68900000.000,37200000.000,-104200000.000,-56500000.000,-1200000.000,81000000.000,-30100000.000,22500000.000,29200000.000,23100000.000,17600000.000,16000000.000,9100000.000
OtherComprehensiveIncomeLossForeignCurrencyTransactionAndTranslationAdjustmentNetOfTax,,,,,,,,,,,,,,,,,0.000,,,,,,,,
OtherComprehensiveIncomeLossNetOfTax,,,,,,,,,600000.000,-431600000.000,14100000.000,-13300000.000,125900000.000,74500000.000,-207600000.000,-338400000.000,-70700000.000,190700000.000,-51000000.000,76900000.000,56000000.000,41200000.000,35000000.000,9700000.000,28500000.000
OtherComprehensiveIncomeLossNetOfTaxPeriodIncreaseDecrease,,,,,78700000.000,10500000.000,76400000.000,-12200000.000,,,,,,,,,,,,,,,,,
OtherComprehensiveIncomeLossNetOfTaxPortionAttributableToNoncontrollingInterest,,,,,,,,,,,,,,2100000.000,1600000.000,,3300000.000,1800000.000,2800000.000,,0.000,1700000.000,1800000.000,,4800000.000
OtherComprehensiveIncomeLossPensionAndOtherPostretirementBenefitPlansAdjustmentNetOfTax,,,,,,,,,-14200000.000,-14200000.000,-14200000.000,-162600000.000,10600000.000,-6800000.000,-6800000.000,101600000.000,-12600000.000,-3400000.000,-10800000.000,-33600000.000,-3600000.000,,,,-4400000.000
OtherComprehensiveIncomeLossPensionAndOtherPostretirementBenefitPlansTax,,,,,,,,,-8300000.000,,,,-6200000.000,4000000.000,-4000000.000,-4100000.000,0.000,-9400000.000,-1800000.000,47400000.000,-2100000.000,-2100000.000,-2100000.000,4800000.000,-2500000.000
OtherComprehensiveIncomeLossReclassificationAdjustmentForSaleOfSecuritiesIncludedInNetIncomeNetOfTax,,,,,,,,,-100000.000,13600000.000,0.000,,,,,,,,,,,,,,
OtherComprehensiveIncomeLossReclassificationAdjustmentFromAOCIForSaleOfSecuritiesNetOfTax,,,,,,,,,,,,,0.000,0.000,0.000,-2900000.000,0.000,,,,,,,,
OtherComprehensiveIncomeLossReclassificationAdjustmentFromAOCIOnDerivativesNetOfTax,,,,,,,,,,,,,-5600000.000,10600000.000,-3400000.000,8600000.000,-94000000.000,-21000000.000,-68900000.000,-67800000.000,-49700000.000,-39400000.000,-29900000.000,-27300000.000,-18600000.000
OtherComprehensiveIncomeLossReclassificationAdjustmentFromAOCIPensionAndOtherPostretirementBenefitPlansForNetGainLossNetOfTax,,,,,,,,,,,,,-6400000.000,-6300000.000,-6400000.000,-11900000.000,-14100000.000,-3700000.000,-12500000.000,-5300000.000,-5200000.000,-5300000.000,-5300000.000,-5200000.000,-5800000.000
OtherComprehensiveIncomeLossReclassificationAdjustmentOnDerivativesIncludedInNetIncomeNetOfTax,,,,,,,,,-77100000.000,-38300000.000,-34800000.000,,,,,,,,,,,,,,
OtherComprehensiveIncomeReclassificationAdjustmentForSaleOfSecuritiesIncludedInNetIncomeNetOfTax,,,,,,,0.000,,,,,,,,,,,,,,,,,,
OtherComprehensiveIncomeReclassificationAdjustmentOnDerivativesIncludedInNetIncomeNetOfTax,,,,,-84200000.000,-37300000.000,-57700000.000,477800000.000,,,,,,,,,,,,,,,,,
OtherComprehensiveIncomeReclassificationOfDefinedBenefitPlansNetGainLossRecognizedInNetPeriodicBenefitCostNetOfTax,,,,,,,,,14300000.000,14300000.000,14300000.000,,,,,,,,,,,,,,
OtherComprehensiveIncomeUnrealizedGainLossOnDerivativesArisingDuringPeriodNetOfTax,,-800000.000,,,147800000.000,42700000.000,111500000.000,48400000.000,68700000.000,-339000000.000,27300000.000,-90600000.000,116200000.000,67900000.000,-180600000.000,-198500000.000,-149700000.000,164900000.000,-115600000.000,-30900000.000,0.000,0.000,0.000,0.000,
OtherComprehensiveIncomeUnrealizedHoldingGainLossOnSecuritiesArisingDuringPeriodNetOfTax,1000000.000,,-4500000.000,,-11500000.000,-2600000.000,-5100000.000,26200000.000,-6300000.000,6000000.000,2900000.000,-2100000.000,-1800000.000,500000.000,,,-200000.000,,,,,,,,
OtherComprehensiveIncomeUnrealizedHoldingGainLossOnSecuritiesArisingDuringPeriodTax,,,,,6700000.000,,,,,,,,,,,,,,,,,,,,
OtherConstructionCosts,8900000.000,,,,,,,,,,,,,,,,,,,,,,,,
OtherNoncashIncomeExpense,,,,,,,,,5600000.000,,,,5900000.000,,,,-7300000.000,,,,-6900000.000,,,,-500000.000
OtherOperatingActivitiesCashFlowStatement,,,,,,,,,,,,,5600000.000,,,,6300000.000,,,,-9100000.000,,,,-2500000.000
OtherSalesRevenueNet,131200000.000,207200000.000,298600000.000,246100000.000,235600000.000,281400000.000,261600000.000,257200000.000,170800000.000,136700000.000,176200000.000,150000000.000,156600000.000,159400000.000,172400000.000,171100000.000,119200000.000,112500000.000,141500000.000,97700000.000,147400000.000,134900000.000,130300000.000,184800000.000,262100000.000
ParticipatingSecuritiesDistributedAndUndistributedEarnings,,,,,,,,,,,,,,,300000.000,,0.000,,,,,,,,
ParticipatingSecuritiesDistributedAndUndistributedEarningsLossBasic,,,,,,,,,,,,,,,,,,0.000,0.000,,,,,,1100000.000
PaymentsForProceedsFromOtherInvestingActivities,400000.000,,,,500000.000,,,,1000000.000,,,,600000.000,,,,3200000.000,,,,4000000.000,,,,300000.000
PaymentsOfDebtIssuanceCosts,,,,,,,,,,,,,,,,,28400000.000,,,,2800000.000,,,,55400000.000
PaymentsOfDividendsCommonStock,23000000.000,,,,23200000.000,,,,22900000.000,,,,23100000.000,,,,700000.000,,,,0.000,,,,
PaymentsToAcquireAvailableForSaleSecuritiesDebt,,,,,,,,,4600000.000,5200000.000,200000.000,,2000000.000,2200000.000,1800000.000,,7300000.000,,,,,,,,
PaymentsToAcquireBusinessesAndInterestInAffiliates,,,45500000.000,,,,,,,,,,,,,,,,,,,,,,
PaymentsToAcquireInterestInJointVenture,8900000.000,,,,3300000.000,,,,0.000,,,,,,,,,,,,,,,,
PaymentsToAcquireInterestInSubsidiariesAndAffiliates,,,,,0.000,,,,,,,,,,,,,,,,,,,,
PaymentsToAcquireMarketableSecurities,14600000.000,,,,0.000,,,,4600000.000,,,,2000000.000,,,,7300000.000,,,,0.000,,,,
PaymentsToAcquirePropertyPlantAndEquipment,107200000.000,,,,235300000.000,,,,74000000.000,,,,24400000.000,,,,25100000.000,,,,13300000.000,,,,32800000.000
PaymentsToAcquireShortTermInvestments,-100000000.000,,,,0.000,,,,,,,,,,,,,,,,,,,,
PensionContributions,400000.000,,,,400000.000,,,,400000.000,,,,,,,,,,,,,,,,
PensionExpense,,,,,12400000.000,,,,12900000.000,,,,5400000.000,,,,7600000.000,,,,5400000.000,,,,5400000.000
PreferredStockDividendsAndOtherAdjustments,-900000.000,-1700000.000,1600000.000,6300000.000,1200000.000,1500000.000,,,,,,,,,,,,,,,,,,,
ProceedsFromIssuanceOfLongTermDebt,,,,,,,,,,,,,,,,,975700000.000,,,,947000000.000,,,,1000000000.000
ProceedsFromMaturitiesPrepaymentsAndCallsOfHeldToMaturitySecurities,,,,,,,,,,4800000.000,0.000,,,,,,,,,,,,,,
ProceedsFromPaymentsForOtherFinancingActivities,7800000.000,,,,500000.000,,,,1300000.000,,,,600000.000,,,,-3000000.000,,,,-1800000.000,,,,-100000.000
ProceedsFromSaleAndMaturityOfMarketableSecurities,15500000.000,,,,3100000.000,,,,12900000.000,,,,400000.000,,,,10100000.000,,,,0.000,,,,
ProceedsFromSaleOfAvailableForSaleSecurities,0.000,0.000,1500000.000,51300000.000,1700000.000,8100000.000,0.000,7400000.000,12900000.000,4100000.000,800000.000,5100000.000,400000.000,4600000.000,2700000.000,5800000.000,10100000.000,,,,,,,,
ProceedsFromSaleOfPropertyPlantAndEquipment,5500000.000,,,,4600000.000,,,,53000000.000,,,,99800000.000,,,,2100000.000,,,,2100000.000,,,,24300000.000
ProceedsFromStockOptionsExercised,4000000.000,,,,1400000.000,,,,,,,,,,,,,,,,,,,,
ProfitLoss,178700000.000,292200000.000,281500000.000,193900000.000,178300000.000,207800000.000,41600000.000,-1002800000.000,-19400000.000,87100000.000,-19100000.000,-561200000.000,-44100000.000,-71200000.000,-149000000.000,-513000000.000,-173300000.000,-1043500000.000,-301900000.000,-470200000.000,-165100000.000,-233800000.000,-133700000.000,-199300000.000,126900000.000
ReorganizationItems,,,,,,,,,,,,,,,,,,,,,,95400000.000,29700000.000,,41400000.000
RepaymentOfNotesReceivableFromRelatedParties,,,,,338700000.000,,,,,,,,,,,,,,,,,,,,
RepaymentsOfLongTermDebtAndCapitalSecurities,10000000.000,,,,13400000.000,,,,108500000.000,,,,5200000.000,,,,572200000.000,,,,6200000.000,,,,2100000.000
RestructuringCharges,,,,,,,,,,,,,,,,,,21200000.000,1800000.000,,12100000.000,3100000.000,300000.000,0.000,0.000
RestructuringCostsAndAssetImpairmentCharges,,,,,,,,,,,,,,0.000,0.000,,,900800000.000,0.000,,17200000.000,0.000,0.000,230700000.000,
Revenues,1744900000.000,2008000000.000,2035900000.000,2185600000.000,2038600000.000,1998200000.000,2058800000.000,1981900000.000,1748000000.000,1725300000.000,1797600000.000,1742800000.000,1626800000.000,1758000000.000,1722900000.000,1684500000.000,1537900000.000,1339300000.000,1418900000.000,1313100000.000,1027200000.000,1040200000.000,1207100000.000,1440800000.000,1326200000.000
SalesRevenueNet,1744900000.000,2008000000.000,2035900000.000,2185600000.000,2038600000.000,1998200000.000,2058800000.000,1981900000.000,1748000000.000,1725300000.000,1797600000.000,1742800000.000,1626800000.000,1758000000.000,1722900000.000,1684500000.000,1537900000.000,1339300000.000,1418900000.000,1313100000.000,1027200000.000,1040200000.000,1207100000.000,1440800000.000,1326200000.000
SellingGeneralAndAdministrativeExpense,61600000.000,58600000.000,71200000.000,76800000.000,71000000.000,62700000.000,68700000.000,66400000.000,65100000.000,64000000.000,55000000.000,65000000.000,59500000.000,59200000.000,52900000.000,55500000.000,49400000.000,41600000.000,37800000.000,47600000.000,48300000.000,34200000.000,32100000.000,38800000.000,37200000.000
ShareBasedCompensation,10900000.000,,,,13000000.000,,,,11800000.000,,,,13500000.000,,,,9600000.000,,,,2400000.000,,,,1900000.000
StockIssuedDuringPeriodValueEmployeeStockPurchasePlan,3000000.000,,,,3300000.000,,,,-3400000.000,,,,2600000.000,,,,2000000.000,,,,,,,,
StockIssuedDuringPeriodValueShareBasedCompensation,,,,,,,,,,,,,,,,,9100000.000,,,,2000000.000,,,,1900000.000
StockIssuedDuringPeriodValueStockOptionsExercised,4000000.000,,,,1400000.000,,,,,,,,600000.000,,,,,,,,,,,,
TranslationAdjustmentFunctionalToReportingCurrencyLossGainOnReclassifiedOfEarningsNetOfTax,,,,,,,,,0.000,,,,0.000,,,,0.000,,,,0.000,,,,0.000
UndistributedEarningsAllocatedToParticipatingSecurities,,,,,,,,,,,,,300000.000,300000.000,,,,,,,,,,,
UnrealizedGainLossOnDerivatives,,,,,0.000,0.000,0.000,0.000,0.000,0.000,0.000,0.000,,,,,,,,,,,,,
UnrealizedGainLossOnDerivativesAndCommodityContracts,,,,,,,,,,,,,,,,,,,,,25000000.000,-25000000.000,,,0.000
UnrecognizedTaxBenefitsInterestOnIncomeTaxesExpense,,,,,16300000.000,1100000.000,2200000.000,1600000.000,,,,,,,,,,,,,,,,,
UnrecognizedTaxBenefitsPeriodIncreaseDecrease,,,,,,,,,,,-66500000.000,,,,,,,,,,,,,,
ValuationAllowanceDeferredTaxAssetChangeInAmount,,,,,,,,,,,,,-42600000.000,,,,,,,,,,,,
WeightedAverageNumberDilutedSharesOutstandingAdjustment,100000.000,100000.000,1400000.000,-400000.000,800000.000,600000.000,600000.000,-2000000.000,0.000,600000.000,500000.000,-1100000.000,,0.000,0.000,,,,,,,,,,100000.000
WeightedAverageNumberOfDilutedSharesOutstanding,272800000.000,270500000.000,270600000.000,-543600000.000,270900000.000,269800000.000,266800000.000,-539500000.000,266900000.000,267500000.000,267700000.000,-535000000.000,267900000.000,268000000.000,268200000.000,-536000000.000,270100000.000,272300000.000,18200000.000,-542500000.000,18300000.000,18300000.000,18300000.000,-36600000.000,18400000.000
WeightedAverageNumberOfSharesOutstandingBasic,268900000.000,269000000.000,269200000.000,-538000000.000,270100000.000,269200000.000,266200000.000,-537500000.000,266900000.000,266900000.000,267200000.000,-533900000.000,267900000.000,268000000.000,268200000.000,-536000000.000,270100000.000,272300000.000,18200000.000,-542500000.000,18300000.000,18300000.000,18300000.000,-36600000.000,18300000.000
WriteOffOfDeferredDebtIssuanceCost,1700000.000,1700000.000,,,,3400000.000,,,,,,,,,,,,,,,,,,,
