,2014-03-31,2014-09-30,2014-12-31,2015-03-31,2015-06-30,2015-09-30,2015-12-31,2016-03-31,2016-06-30,2016-09-30,2016-12-31,2017-03-31
AccretionExpense,,,,,,,344000.000,394000.000,,393000.000,462000.000,459000.000
AmortizationOfFinancingCostsAndDiscounts,,242000.000,,,,242000.000,242000.000,251000.000,254000.000,253000.000,255000.000,253000.000
AmortizationOfIntangibleAssets,1202000.000,1069000.000,1057000.000,1233000.000,1201000.000,1259000.000,1260000.000,1469000.000,1571000.000,1528000.000,1434000.000,1436000.000
BusinessCombinationAcquisitionRelatedCosts,,,,327000.000,,420000.000,420000.000,420000.000,420000.000,420000.000,,420000.000
CashAndCashEquivalentsPeriodIncreaseDecrease,,7928000.000,,,,2601000.000,,,,3810000.000,,
CommonStockDividendsPerShareDeclared,0.363,0.100,0.100,0.100,0.100,0.100,0.100,0.100,0.100,0.100,0.100,0.100
ComprehensiveIncomeNetOfTax,9785000.000,10357000.000,8170000.000,479000.000,9734000.000,-3809000.000,33238000.000,26446000.000,16668000.000,15737000.000,14168000.000,28287000.000
CostOfGoodsSold,120425000.000,127129000.000,132603000.000,128385000.000,124102000.000,126960000.000,129357000.000,123506000.000,132671000.000,126988000.000,128100000.000,129241000.000
DeferredIncomeTaxExpenseBenefit,,-1003000.000,,,,38000.000,,,,1706000.000,,
DefinedBenefitPlanAmortizationOfPriorServiceCostCredit,,,,,,,508000.000,446000.000,,347000.000,105000.000,111000.000
DefinedBenefitPlanExpectedReturnOnPlanAssets,476000.000,766000.000,648000.000,707000.000,707000.000,742000.000,846000.000,794000.000,795000.000,863000.000,843000.000,834000.000
DefinedBenefitPlanInterestCost,532000.000,734000.000,574000.000,654000.000,656000.000,689000.000,757000.000,723000.000,724000.000,543000.000,505000.000,498000.000
DefinedBenefitPlanRecognizedNetGainLossDueToSettlements1,,,,,,,,,,,-1702000.000,
DefinedBenefitPlanServiceCost,535000.000,821000.000,656000.000,739000.000,738000.000,719000.000,751000.000,735000.000,734000.000,561000.000,284000.000,
Depreciation,3920000.000,4228000.000,4123000.000,4066000.000,4396000.000,4111000.000,4075000.000,4328000.000,5145000.000,4731000.000,4952000.000,5400000.000
DepreciationDepletionAndAmortization,5122000.000,5353000.000,5241000.000,5356000.000,5654000.000,5429000.000,5393000.000,5856000.000,6774000.000,6318000.000,6444000.000,6842000.000
DividendsCash,,,,,,,,,,3941000.000,3941000.000,3959000.000
EarningsPerShareBasic,0.210,0.530,0.400,0.500,0.120,0.480,0.770,0.470,0.390,0.310,0.340,0.600
EarningsPerShareBasicAndDiluted,0.210,,,,,,,,,,,
EarningsPerShareDiluted,0.210,0.520,0.390,0.490,0.110,0.470,0.750,0.460,0.390,0.310,0.340,0.590
EffectOfExchangeRateOnCashAndCashEquivalentsContinuingOperations,,-715000.000,,,,-706000.000,,,,-90000.000,,
ForeignCurrencyTransactionGainLossBeforeTax,,-316000.000,,,,5453000.000,-2557000.000,2243000.000,2470000.000,-334000.000,548000.000,403000.000
ForeignCurrencyTransactionGainLossUnrealized,,,,,,5434000.000,,,,-97000.000,,
GainLossOnForeignCurrencyDerivativesRecordedInEarningsNet,-275000.000,1204000.000,1018000.000,4633000.000,,,,,,,,
GrossProfit,52842000.000,60329000.000,56085000.000,59110000.000,60848000.000,60160000.000,62416000.000,59955000.000,56501000.000,60999000.000,63498000.000,60620000.000
IncomeLossFromContinuingOperationsBeforeIncomeTaxesExtraordinaryItemsNoncontrollingInterest,8303000.000,22819000.000,17290000.000,22844000.000,15810000.000,23492000.000,16097000.000,19149000.000,18023000.000,17572000.000,19304000.000,26448000.000
IncomeTaxExpenseBenefit,1933000.000,2338000.000,1885000.000,3419000.000,10841000.000,4739000.000,-14081000.000,572000.000,2803000.000,5395000.000,5887000.000,2805000.000
IncreaseDecreaseInAccountsPayable,,5432000.000,,,,-3010000.000,,,,-5004000.000,,
IncreaseDecreaseInAccountsReceivable,,-1418000.000,,,,5597000.000,,,,-3906000.000,,
IncreaseDecreaseInAccruedLiabilitiesAndOtherOperatingLiabilities,,-10171000.000,,,,-6150000.000,,,,-1357000.000,,
IncreaseDecreaseInInterestPayableNet,,16000.000,,,,,,,,,,
IncreaseDecreaseInInventories,,7499000.000,,,,5469000.000,,,,-4544000.000,,
IncreaseDecreaseInOtherNoncurrentAssets,,-32000.000,,,,444000.000,,,,-346000.000,,
IncreaseDecreaseInPrepaidDeferredExpenseAndOtherAssets,,-3472000.000,,,,1570000.000,,,,2430000.000,,
IncrementalCommonSharesAttributableToCallOptionsAndWarrants,,684.000,856000.000,921.000,-856759.000,920000.000,815000.000,644000.000,-1671000.000,498.000,591.000,547000.000
IncrementalCommonSharesAttributableToShareBasedPaymentArrangements,158000.000,,,,,,,,,,,
InterestAndOtherIncome,,,,,,,,,,680000.000,489000.000,321000.000
InterestExpense,7805000.000,3552000.000,3550000.000,3662000.000,3790000.000,3868000.000,4024000.000,4332000.000,,,,
InterestExpenseDebt,,,,,,,,,,4587000.000,4361000.000,4250000.000
InterestExpenseOther,,,,,,86000.000,169000.000,79000.000,161000.000,81000.000,47000.000,37000.000
InterestExpenseRelatedParty,1005000.000,,,,,,,,,,,
InterestIncomeExpenseNet,,3490000.000,3515000.000,3602000.000,3698000.000,,,,,-3907000.000,-3872000.000,-3929000.000
InterestIncomeExpenseNonoperatingNet,,,,,,-3819000.000,-3967000.000,-4265000.000,28643000.000,3907000.000,3872000.000,3929000.000
InvestmentIncomeInterest,66000.000,62000.000,35000.000,60000.000,,49000.000,57000.000,67000.000,,,,
NetCashProvidedByUsedInFinancingActivities,,-4757000.000,,,,13549000.000,,,,-11670000.000,,
NetCashProvidedByUsedInFinancingActivitiesContinuingOperations,,-4757000.000,,,,13549000.000,,,,-11670000.000,,
NetCashProvidedByUsedInInvestingActivities,,-3960000.000,,,,-7848000.000,,,,-5886000.000,,
NetCashProvidedByUsedInInvestingActivitiesContinuingOperations,,-3960000.000,,,,-7848000.000,,,,-5886000.000,,
NetCashProvidedByUsedInOperatingActivities,,17360000.000,,,,-2394000.000,,,,21456000.000,,
NetCashProvidedByUsedInOperatingActivitiesContinuingOperations,,17360000.000,,,,-2394000.000,,,,21456000.000,,
NetIncomeLoss,6370000.000,20481000.000,15405000.000,19425000.000,4969000.000,18753000.000,30178000.000,18577000.000,15220000.000,12177000.000,13417000.000,23643000.000
OperatingIncomeLoss,17322000.000,25105000.000,19787000.000,21813000.000,20963000.000,21858000.000,22621000.000,21171000.000,20094000.000,21813000.000,22628000.000,29974000.000
OtherComprehensiveIncomeDefinedBenefitPlansAdjustmentBeforeTaxPortionAttributableToParent,,-285000.000,-417000.000,-351000.000,4274000.000,-384000.000,-508000.000,-446000.000,12431000.000,-7169000.000,-4671000.000,-111000.000
OtherComprehensiveIncomeDerivativesQualifyingAsHedgesBeforeTaxPortionAttributableToParent,,-429000.000,-294000.000,-2624000.000,1419000.000,-4903000.000,1909000.000,4316000.000,2875000.000,34000.000,270000.000,758000.000
OtherComprehensiveIncomeForeignCurrencyTransactionAndTranslationAdjustmentBeforeTaxPortionAttributableToParent,,-9980000.000,-7358000.000,-16673000.000,2697000.000,-21729000.000,2014000.000,4935000.000,5599000.000,-893000.000,-2296000.000,4107000.000
OtherComprehensiveIncomeLossDerivativesQualifyingAsHedgesBeforeTax,572000.000,,,,,,,,,,,
OtherComprehensiveIncomeLossForeignCurrencyTransactionAndTranslationAdjustmentBeforeTax,2373000.000,,,,,,,,,,,
OtherComprehensiveIncomeLossNetOfTaxPortionAttributableToParent,3415000.000,-10124000.000,-7235000.000,-18946000.000,4765000.000,-22562000.000,3060000.000,7869000.000,1448000.000,3560000.000,751000.000,4644000.000
OtherComprehensiveIncomeLossPensionAndOtherPostretirementBenefitPlansNetUnamortizedGainLossArisingDuringPeriodBeforeTax,249000.000,,,,,,,,,,,
OtherComprehensiveIncomeLossTax,-221000.000,,,,,,,,,,,
OtherComprehensiveIncomeLossTaxPortionAttributableToParent1,,,,,,-3686000.000,1371000.000,1828000.000,-5405000.000,2750000.000,1894000.000,332000.000
OtherNoncashIncomeExpense,,97000.000,,,,-53000.000,,,,-87000.000,,
PaymentsForProceedsFromOtherInvestingActivities,,-15000.000,,,,-246000.000,,,,-25000.000,,
PaymentsOfDividends,,3896000.000,,,,3910000.000,3917000.000,,,3941000.000,,
PaymentsToAcquireProductiveAssets,,3975000.000,,,,8094000.000,,,,5911000.000,,
PensionExpense,840000.000,1075000.000,999000.000,1037000.000,1038000.000,1050000.000,1170000.000,1110000.000,1109000.000,588000.000,1753000.000,-225000.000
ProceedsFromIssuanceOfCommonStock,,,,,,693000.000,,,,,,
ProceedsFromLongTermLinesOfCredit,,,,,,55500000.000,,,,34000000.000,,
RepaymentsOfLongTermDebtAndCapitalSecurities,,861000.000,,,,734000.000,,,,729000.000,,
RepaymentsOfLongTermLinesOfCredit,,,,,,38000000.000,,,,41000000.000,,
Revenues,173267000.000,187458000.000,188688000.000,187495000.000,184950000.000,187120000.000,191773000.000,183461000.000,189172000.000,187987000.000,191598000.000,189861000.000
SalesRevenueNet,173267000.000,187458000.000,188688000.000,187495000.000,184950000.000,187120000.000,191773000.000,183461000.000,189172000.000,187987000.000,191598000.000,189861000.000
SellingGeneralAndAdministrativeExpense,35520000.000,35224000.000,36298000.000,37297000.000,39885000.000,38302000.000,39795000.000,38784000.000,36407000.000,39186000.000,40870000.000,30646000.000
UnrecognizedTaxBenefitsIncreasesResultingFromPriorPeriodTaxPositions,1593000.000,,,,,,,,,,,
UnrecognizedTaxBenefitsReductionsResultingFromLapseOfApplicableStatuteOfLimitations,,,,,,,,2130000.000,,,,
ValuationAllowanceDeferredTaxAssetChangeInAmount,,,,,,,-18787000.000,2536000.000,,,,
WeightedAverageNumberOfDilutedSharesOutstanding,30657000.000,39584.000,39813000.000,39919000.000,-79731769.000,40012000.000,39978000.000,40000000.000,-80028000.000,39906.000,40002.000,40059000.000
WeightedAverageNumberOfShareOutstandingBasicAndDiluted,68910000.000,,,,,,,,,,,
WeightedAverageNumberOfSharesOutstandingBasic,30458000.000,38900.000,38957000.000,38998000.000,-77954931.000,39092000.000,39163000.000,39356000.000,-78357000.000,39408.000,39411.000,39512000.000
