,2011-02-28,2011-08-31,2011-11-30,2012-02-29,2012-05-31,2012-08-31,2012-11-30,2013-02-28,2013-05-31,2013-08-31,2013-11-30,2014-02-28,2014-05-31,2014-08-31,2014-11-30,2015-02-28,2015-05-31,2015-08-31,2015-11-30,2016-02-29,2016-05-31,2016-08-31,2016-11-30,2017-02-28,2017-05-31
AdjustmentsToAdditionalPaidInCapitalOther,,,,,,,,,,,,,,,,,,550000.000,,,,,,,
AdjustmentsToAdditionalPaidInCapitalSharebasedCompensationRequisiteServicePeriodRecognitionValue,,,,,,3548000.000,,,,7230000.000,,,,11760000.000,,,,5965000.000,,,,3491000.000,,,
AllocatedShareBasedCompensationExpense,,,,,,3193000.000,3740000.000,3653000.000,2684000.000,3780000.000,4722000.000,4705000.000,8810000.000,4355000.000,4498000.000,4058000.000,5005000.000,3777000.000,3880000.000,3627000.000,4552000.000,3136000.000,3824000.000,4304000.000,3085000.000
AntidilutiveSecuritiesExcludedFromComputationOfEarningsPerShareAmount,,,,,,,,,,,396.000,9922.000,,87976.000,147859.000,1924019.000,-2062056.000,318904.000,367094.000,352830.000,-712243.000,161429.000,110354.000,107224.000,-278959.000
AssetImpairmentCharges,,,,,,1570000.000,-50000.000,,,4641000.000,30734000.000,,,1950000.000,14235000.000,81600000.000,2344000.000,3000000.000,22962000.000,,,0.000,,,
BusinessCombinationStepAcquisitionEquityInterestInAcquireeRemeasurementGainOrLoss,,,,,,,,,,11000000.000,,,,,,,,,,,,,,,
CashAndCashEquivalentsPeriodIncreaseDecrease,-11144000.000,-19292000.000,16931000.000,-18540000.000,5762000.000,-10547000.000,2408000.000,4470000.000,14026000.000,69664000.000,-11994000.000,-56169000.000,137193000.000,-43158000.000,-50384000.000,-54069000.000,-11401000.000,-12295000.000,8582000.000,-1922000.000,58756000.000,97337000.000,-6345000.000,52101000.000,50800000.000
CommonStockDividendsPerShareDeclared,0.100,0.120,0.120,0.120,0.120,0.130,0.130,0.260,0.000,0.150,0.150,0.150,0.150,0.180,0.180,0.180,0.180,0.190,0.190,0.190,0.190,0.200,0.200,0.200,0.200
ComprehensiveIncomeNetOfTax,,,,,,38571000.000,35417000.000,36283000.000,34522000.000,58439000.000,26051000.000,43553000.000,31712000.000,36717000.000,20745000.000,-49983000.000,22183000.000,33911000.000,12119000.000,40382000.000,79442000.000,65523000.000,40847000.000,35829000.000,63106000.000
ComprehensiveIncomeNetOfTaxAttributableToNoncontrollingInterest,,,,,,1014000.000,1043000.000,182000.000,-1833000.000,779000.000,5679000.000,4057000.000,-1035000.000,3472000.000,1559000.000,1626000.000,1317000.000,2971000.000,1760000.000,7476000.000,4433000.000,2973000.000,3155000.000,3071000.000,4195000.000
ComprehensiveIncomeNetOfTaxIncludingPortionAttributableToNoncontrollingInterest,,26006000.000,,,,39585000.000,36460000.000,36465000.000,32689000.000,59218000.000,31730000.000,47610000.000,30677000.000,40189000.000,22304000.000,-48357000.000,23500000.000,36882000.000,13879000.000,47858000.000,83875000.000,68496000.000,44002000.000,38900000.000,67301000.000
CostOfGoodsSold,481185000.000,530925000.000,509046000.000,527923000.000,633939000.000,572384000.000,527766000.000,522501000.000,592950000.000,581327000.000,641668000.000,650743000.000,760169000.000,732907000.000,745789000.000,706294000.000,735711000.000,645131000.000,590637000.000,551157000.000,580196000.000,590267000.000,604977000.000,592446000.000,690513000.000
DeferredIncomeTaxExpenseBenefit,7778000.000,7678000.000,500000.000,-667000.000,-6736000.000,4679000.000,-1320000.000,6491000.000,-8052000.000,-8424000.000,-13110000.000,1278000.000,-5660000.000,-535000.000,-5492000.000,-35334000.000,1401000.000,-5540000.000,-9851000.000,9322000.000,13423000.000,20000.000,2316000.000,7609000.000,8498000.000
DefinedBenefitPlanAmortizationOfGainsLosses,,-43000.000,-43000.000,-43000.000,885000.000,,,,,,,,,,,,,,,,,,,,
DefinedBenefitPlanContributionsByEmployer,,328000.000,,,,,,,,,,,,,,,,,,,,,,,
DefinedBenefitPlanExpectedReturnOnPlanAssets,,408000.000,408000.000,408000.000,,,,,,,,,,,,,,,,,,,,,
DefinedBenefitPlanInterestCost,,381000.000,376000.000,376000.000,80000.000,,,,,,,,,,,,,,,,,,,,
DefinedBenefitPlanNetPeriodicBenefitCost,,85000.000,76000.000,76000.000,-569000.000,,,,,,,,,,,,,,,,,,,,
DefinedBenefitPlanServiceCost,,69000.000,65000.000,65000.000,,,,,,,,,,,,,,,,,,,,,
DepreciationAndAmortization,,,,,,,,,,,,,,20367000.000,21200000.000,21762000.000,21760000.000,21440000.000,20547000.000,20761000.000,21951000.000,21831000.000,21645000.000,21677000.000,21640000.000
DepreciationDepletionAndAmortization,15789000.000,12854000.000,13119000.000,14653000.000,15247000.000,14987000.000,16101000.000,17048000.000,18333000.000,19460000.000,20095000.000,20208000.000,,,,,,,,,,,,,
DerivativeInstrumentsGainLossReclassificationFromAccumulatedOCIToIncomeEstimatedNetAmountToBeTransferred,,1410000.000,,,,-854000.000,,,,-2558000.000,,,,-189000.000,,,,-12131000.000,,,,-9008000.000,,,
DerivativeInstrumentsGainLossReclassifiedFromAccumulatedOCIIntoIncomeEffectivePortionNet,,951000.000,-1214000.000,-784000.000,-992000.000,-1402000.000,-406000.000,-800000.000,177000.000,-1379000.000,-1869000.000,-3578000.000,-2675000.000,-1944000.000,-1493000.000,379000.000,-6989000.000,-9330000.000,-6606000.000,-7905000.000,-4400000.000,-355000.000,5270000.000,3361000.000,3915000.000
DerivativeInstrumentsGainLossRecognizedInOtherComprehensiveIncomeEffectivePortionNet,,-1846000.000,-450000.000,-112000.000,-203000.000,-178000.000,147000.000,-76000.000,-863000.000,3441000.000,-1228000.000,-3640000.000,-4526000.000,-413000.000,-4465000.000,-14864000.000,-8910000.000,-8092000.000,-10411000.000,600000.000,25186000.000,733000.000,7317000.000,2062000.000,-2443000.000
DerivativeInstrumentsNotDesignatedAsHedgingInstrumentsGainLossNet,,,,-1899000.000,,950000.000,3504000.000,4753000.000,-632000.000,671000.000,-394000.000,-1446000.000,-108000.000,204000.000,-2578000.000,-4105000.000,-8953000.000,-2755000.000,-5320000.000,220000.000,6652000.000,2842000.000,1404000.000,86000.000,-1136000.000
DividendsCash,,8463000.000,,,,9043000.000,,,,10588000.000,,,,12329000.000,,,,11470000.000,,,,12877000.000,,,
EarningsPerShareBasic,0.350,0.360,0.170,0.380,0.750,0.500,0.460,0.530,0.480,0.780,0.330,0.590,0.490,0.650,0.440,-0.390,0.460,0.490,0.370,0.480,0.960,1.060,0.750,0.570,0.900
EarningsPerShareDiluted,0.350,0.350,0.170,0.370,0.760,0.490,0.450,0.520,0.450,0.760,0.320,0.570,0.460,0.630,0.430,-0.390,0.450,0.480,0.360,0.460,0.920,1.020,0.720,0.550,0.860
EffectiveIncomeTaxRateContinuingOperations,,,,,,0.326,,,,,,,,,,,,,,,,,,,
EquityMethodInvestmentDividendsOrDistributions,,19628000.000,,,,15286000.000,,,,26591000.000,,,,20934000.000,,,,21068000.000,,,,,,,
EquityMethodInvestmentSummarizedFinancialInformationGrossProfitLoss,,83825000.000,79985000.000,82904000.000,83434000.000,77918000.000,86307000.000,90570000.000,78054000.000,89814000.000,76068000.000,73217000.000,73521000.000,88751000.000,76193000.000,67636000.000,69426000.000,89018000.000,,,,,,,
EquityMethodInvestmentSummarizedFinancialInformationNetIncomeLoss,,51865000.000,47959000.000,51955000.000,49954000.000,46284000.000,54864000.000,57421000.000,57433000.000,59634000.000,46149000.000,44018000.000,46330000.000,59440000.000,44490000.000,37859000.000,36313000.000,62926000.000,,,,,,,
EquityMethodInvestmentSummarizedFinancialInformationRevenue,,427794000.000,420103000.000,409981000.000,427865000.000,446853000.000,438260000.000,421645000.000,446976000.000,423481000.000,357236000.000,340645000.000,371440000.000,392550000.000,388712000.000,356604000.000,372314000.000,404463000.000,,,,,,,
ExcessTaxBenefitFromShareBasedCompensationFinancingActivities,,,,,,,,3455000.000,,4298000.000,1534000.000,1462000.000,1586000.000,5132000.000,621000.000,663000.000,762000.000,824000.000,434000.000,431000.000,,,,,
ExcessTaxBenefitFromShareBasedCompensationOperatingActivities,,,,,,,,3455000.000,,4298000.000,1534000.000,1462000.000,1586000.000,5132000.000,621000.000,663000.000,762000.000,824000.000,434000.000,431000.000,,,,,
FairValueInputsControlPremium,,,,,,,,,,0.100,,,,,,,,,,,,,,,
FairValueInputsDiscountRate,,,,,,,,,,,,,,,,,,,0.130,,,,,,
GainLossOnDispositionOfAssets1,,,,,,,,,,4662000.000,7188000.000,-990000.000,352000.000,2830000.000,-2370000.000,-3047000.000,-690000.000,-1606000.000,5854000.000,3385000.000,5363000.000,-4396000.000,2912000.000,-1875000.000,-4592000.000
GainLossOnSaleOfOtherAssets,1191000.000,415000.000,1653000.000,-143000.000,3993000.000,-2310000.000,2379000.000,153000.000,-1343000.000,,,,,,,,,,,,,,,,
GainLossOnSaleOfPropertyPlantEquipment,,,,,,,,,,,,,,,,,,,,,,-111000.000,,,
GainLossRelatedToLitigationSettlement,,,,1500000.000,,,,,,,,,,,,,,,,,,,,,
GainOnBusinessInterruptionInsuranceRecovery,,,,,,,,,,,,417000.000,,,,,,,,,,,,,
GrossProfit,88254000.000,71462000.000,56606000.000,83332000.000,121468000.000,93651000.000,94856000.000,97026000.000,111110000.000,110964000.000,128232000.000,122487000.000,130836000.000,129507000.000,125223000.000,98491000.000,110312000.000,113016000.000,109179000.000,95923000.000,134475000.000,147282000.000,122803000.000,110990000.000,154830000.000
ImpairmentOfLongLivedAssetsHeldForUse,,,,,,,,,,4641000.000,30734000.000,,,,,,,,,,,,,,
IncomeLossFromContinuingOperationsBeforeIncomeTaxesExtraordinaryItemsNoncontrollingInterest,,41593000.000,20284000.000,37735000.000,77645000.000,50967000.000,48012000.000,53560000.000,48761000.000,70286000.000,36799000.000,60767000.000,49649000.000,70933000.000,47055000.000,-41418000.000,36458000.000,49145000.000,34416000.000,45485000.000,87569000.000,92435000.000,63382000.000,50092000.000,91218000.000
IncomeLossFromEquityMethodInvestments,16958000.000,24697000.000,21912000.000,24005000.000,22211000.000,22643000.000,25221000.000,25716000.000,21044000.000,26951000.000,21086000.000,21186000.000,22233000.000,27924000.000,22319000.000,18800000.000,18433000.000,26581000.000,29247000.000,24994000.000,34144000.000,34544000.000,27124000.000,22697000.000,25673000.000
IncomeLossFromEquityMethodInvestmentsNetOfDividendsOrDistributions,2997000.000,5069000.000,-2782000.000,-3998000.000,2730000.000,7358000.000,7057000.000,4841000.000,-8308000.000,5915000.000,3506000.000,-1048000.000,6960000.000,6990000.000,813000.000,571000.000,3925000.000,5513000.000,10389000.000,622000.000,12949000.000,-3898000.000,2824000.000,1256000.000,7841000.000
IncomeTaxExpenseBenefit,11893000.000,13252000.000,6083000.000,9337000.000,23232000.000,16102000.000,15390000.000,16229000.000,16744000.000,13933000.000,8459000.000,16556000.000,18401000.000,22113000.000,15600000.000,-18173000.000,6232000.000,14708000.000,8800000.000,11613000.000,23866000.000,23899000.000,13515000.000,11141000.000,30635000.000
IncreaseDecreaseInAccountsPayableAndAccruedLiabilities,68840000.000,-96848000.000,-50281000.000,90258000.000,11024000.000,-39573000.000,-30618000.000,35320000.000,-12612000.000,40622000.000,-23922000.000,91485000.000,-38503000.000,41890000.000,-72095000.000,40260000.000,-93245000.000,42184000.000,-72711000.000,14027000.000,36680000.000,43061000.000,-65946000.000,89736000.000,641000.000
IncreaseDecreaseInInventories,21601000.000,-5915000.000,-48860000.000,31049000.000,6416000.000,-17019000.000,-40882000.000,15158000.000,-34372000.000,-515000.000,21838000.000,38260000.000,-21573000.000,51217000.000,-16087000.000,8795000.000,-98033000.000,7824000.000,-31645000.000,-37211000.000,-5319000.000,50398000.000,-31875000.000,2346000.000,13730000.000
IncreaseDecreaseInOtherOperatingAssets,2020000.000,-1273000.000,-1567000.000,1046000.000,-2347000.000,-2847000.000,-90000.000,-198000.000,-1501000.000,-436000.000,-139000.000,762000.000,5091000.000,-121000.000,-3095000.000,-2415000.000,4014000.000,-442000.000,3245000.000,1216000.000,511000.000,-1246000.000,-1165000.000,423000.000,83000.000
IncreaseDecreaseInOtherOperatingLiabilities,354000.000,216000.000,1165000.000,-1296000.000,1604000.000,-1519000.000,3497000.000,1434000.000,4992000.000,-1853000.000,4556000.000,1316000.000,2924000.000,-5991000.000,-505000.000,-3612000.000,743000.000,-3187000.000,7487000.000,1052000.000,-892000.000,1144000.000,950000.000,718000.000,-715000.000
IncreaseDecreaseInPrepaidDeferredExpenseAndOtherAssets,5435000.000,-611000.000,-2940000.000,-9576000.000,4649000.000,145000.000,-1747000.000,-32000.000,763000.000,2365000.000,-4072000.000,-2429000.000,7057000.000,2872000.000,5232000.000,3078000.000,4113000.000,-11166000.000,-17467000.000,19309000.000,-9003000.000,-7162000.000,1737000.000,13379000.000,-8939000.000
IncreaseDecreaseInReceivables,24591000.000,-27374000.000,-28717000.000,28643000.000,26492000.000,-38116000.000,-30634000.000,41672000.000,8277000.000,-7655000.000,-7574000.000,30228000.000,34207000.000,-12752000.000,6916000.000,-5078000.000,-21097000.000,-42629000.000,-23474000.000,-10688000.000,10674000.000,-16954000.000,7156000.000,44719000.000,5006000.000
InterestExpense,4533000.000,4688000.000,4756000.000,5073000.000,4980000.000,5259000.000,6334000.000,6158000.000,6167000.000,6240000.000,6258000.000,6196000.000,7977000.000,9516000.000,9676000.000,8381000.000,8227000.000,7854000.000,7799000.000,7886000.000,8131000.000,7870000.000,7658000.000,7674000.000,6594000.000
InventoryWriteDown,,,,,,,,,,,,,,,,5115000.000,,,,,,,,,
LossContingencyLossInPeriod,,,,,,,,,,2000000.000,,,,,,,,,,,,,,,
MinorityInterestDecreaseFromDistributionsToNoncontrollingInterestHolders,,,,,,,,,,1763000.000,,,,4677000.000,,,,4901000.000,,,,4331000.000,,,
NetCashProvidedByUsedInFinancingActivities,-51789000.000,38764000.000,-11389000.000,4979000.000,-32546000.000,-71425000.000,-25042000.000,-22600000.000,58423000.000,-77605000.000,-44283000.000,-96231000.000,,-28685000.000,-12727000.000,-55399000.000,-73507000.000,-110045000.000,-26164000.000,-58225000.000,-38789000.000,-7409000.000,-23713000.000,-29479000.000,-18214000.000
NetCashProvidedByUsedInFinancingActivitiesContinuingOperations,-51789000.000,38764000.000,-11389000.000,4979000.000,-32546000.000,-71425000.000,-25042000.000,-22600000.000,58423000.000,-77605000.000,-44283000.000,-96231000.000,,-28685000.000,-12727000.000,-55399000.000,-73507000.000,-110045000.000,-26164000.000,-58225000.000,-38789000.000,-7409000.000,-23713000.000,-29479000.000,-18214000.000
NetCashProvidedByUsedInInvestingActivities,-24433000.000,-43216000.000,-36035000.000,-110957000.000,1612000.000,-10120000.000,-60931000.000,-9234000.000,-121691000.000,52805000.000,2970000.000,-56762000.000,,-68958000.000,-39066000.000,-81546000.000,-13499000.000,-40053000.000,-15846000.000,-49481000.000,-21660000.000,-16159000.000,-13931000.000,-21126000.000,-11748000.000
NetCashProvidedByUsedInInvestingActivitiesContinuingOperations,-24433000.000,-43216000.000,-36035000.000,-110957000.000,1612000.000,-10120000.000,-60931000.000,-9234000.000,-121691000.000,52805000.000,2970000.000,-56762000.000,,-68958000.000,-39066000.000,-81546000.000,-13499000.000,-40053000.000,-15846000.000,-49481000.000,-21660000.000,-16159000.000,-13931000.000,-21126000.000,-11748000.000
NetCashProvidedByUsedInOperatingActivities,65078000.000,-14840000.000,64355000.000,87438000.000,36696000.000,70998000.000,88381000.000,36304000.000,77294000.000,94464000.000,29319000.000,96824000.000,,54485000.000,1409000.000,82876000.000,75605000.000,137803000.000,50592000.000,105784000.000,119205000.000,120905000.000,31299000.000,102706000.000,80762000.000
NetCashProvidedByUsedInOperatingActivitiesContinuingOperations,65078000.000,-14840000.000,64355000.000,87438000.000,36696000.000,70998000.000,88381000.000,36304000.000,77294000.000,94464000.000,29319000.000,96824000.000,,54485000.000,1409000.000,82876000.000,75605000.000,137803000.000,50592000.000,105784000.000,119205000.000,120905000.000,31299000.000,102706000.000,80762000.000
NetIncomeLoss,26326000.000,25653000.000,11985000.000,25880000.000,52077000.000,33962000.000,31826000.000,37131000.000,33523000.000,54557000.000,22977000.000,40603000.000,33163000.000,44168000.000,29462000.000,-25710000.000,28865000.000,31410000.000,23241000.000,29576000.000,59488000.000,65567000.000,46565000.000,35889000.000,56494000.000
NetIncomeLossAttributableToNoncontrollingInterest,2008000.000,2688000.000,2216000.000,2518000.000,2336000.000,903000.000,796000.000,200000.000,-1506000.000,1796000.000,5363000.000,3608000.000,-1915000.000,4652000.000,1993000.000,2465000.000,1361000.000,3027000.000,2375000.000,4296000.000,4215000.000,2969000.000,3302000.000,3062000.000,4089000.000
NetIncomeLossAvailableToCommonStockholdersBasic,,,,,,,,,,54557000.000,22977000.000,,,,,,,,,,,,,,
NoncontrollingInterestIncreaseFromBusinessCombination,,,,,,,,,,72369000.000,,,,,,,,,,,,,,,
OperatingIncomeLoss,28021000.000,21183000.000,2849000.000,18075000.000,59503000.000,33418000.000,28822000.000,33406000.000,33496000.000,38638000.000,19499000.000,45289000.000,32327000.000,52202000.000,33192000.000,-52050000.000,27213000.000,30996000.000,11972000.000,25072000.000,54012000.000,64898000.000,43044000.000,34320000.000,70859000.000
OtherComprehensiveIncomeDefinedBenefitPlansAdjustmentNetOfTaxPeriodIncreaseDecrease,,,49000.000,-431000.000,,,,,,,,,,,,,,,,,,,,,
OtherComprehensiveIncomeDefinedBenefitPlansAdjustmentNetOfTaxPortionAttributableToParent,,,-49000.000,431000.000,,,,,,,,,,,,,,,,,,,,,
OtherComprehensiveIncomeDerivativesQualifyingAsHedgesNetOfTaxPeriodIncreaseDecrease,,-2035000.000,1155000.000,167000.000,,,,,,,,,,,,,,,,,,,,,
OtherComprehensiveIncomeDerivativesQualifyingAsHedgesNetOfTaxPortionAttributableToParent,,-2035000.000,1155000.000,167000.000,,,,,,,,,,,,,,,,,,,,,
OtherComprehensiveIncomeForeignCurrencyTransactionAndTranslationAdjustmentNetOfTaxPeriodIncreaseDecrease,,-300000.000,-11074000.000,6933000.000,,,,,,,,,,,,,,,,,,,,,
OtherComprehensiveIncomeForeignCurrencyTransactionAndTranslationAdjustmentNetOfTaxPortionAttributableToNoncontrollingInterest,,-821000.000,-1520000.000,724000.000,,,,,,,,,,,,,,,,,,,,,
OtherComprehensiveIncomeForeignCurrencyTransactionAndTranslationAdjustmentNetOfTaxPortionAttributableToParent,,521000.000,-9554000.000,6209000.000,,,,,,,,,,,,,,,,,,,,,
OtherComprehensiveIncomeLossBeforeReclassificationsBeforeTax,,,,,,,,,,3972000.000,,,,-8813000.000,,,,,,,,,,,
OtherComprehensiveIncomeLossBeforeReclassificationsNetOfTax,,,,,,,,,,,,,,,,,,-6221000.000,,,,,,,
OtherComprehensiveIncomeLossBeforeTax,,,,,,4877000.000,4720000.000,-994000.000,1939000.000,4334000.000,3698000.000,3672000.000,-2093000.000,-8049000.000,-10243000.000,-31198000.000,-8996000.000,3053000.000,-13019000.000,17061000.000,29912000.000,423000.000,-5470000.000,-511000.000,5778000.000
OtherComprehensiveIncomeLossDerivativesQualifyingAsHedgesBeforeTax,,,,,,1224000.000,553000.000,724000.000,-1040000.000,4820000.000,661000.000,-62000.000,-1871000.000,1543000.000,-2973000.000,-15253000.000,-1922000.000,1238000.000,-3805000.000,8505000.000,,,,,
OtherComprehensiveIncomeLossDerivativesQualifyingAsHedgesNetOfTax,,,,,,984000.000,-329000.000,837000.000,-794000.000,3351000.000,353000.000,-94000.000,-1101000.000,961000.000,-1881000.000,-9538000.000,-1195000.000,630000.000,-2523000.000,5430000.000,18671000.000,625000.000,1652000.000,-921000.000,-4178000.000
OtherComprehensiveIncomeLossDerivativesQualifyingAsHedgesTax,,,,,,-240000.000,-882000.000,113000.000,246000.000,-1469000.000,-308000.000,-32000.000,770000.000,582000.000,-1092000.000,-5715000.000,13177000.000,-608000.000,1282000.000,-3075000.000,15717000.000,,,,
OtherComprehensiveIncomeLossForeignCurrencyTransactionAndTranslationAdjustmentBeforeTax,,,,,,3908000.000,4167000.000,-1675000.000,-1007000.000,-486000.000,3037000.000,3043000.000,2024000.000,-9592000.000,-7270000.000,-14873000.000,-2494000.000,1823000.000,-9214000.000,8646000.000,,,,,
OtherComprehensiveIncomeLossForeignCurrencyTransactionAndTranslationAdjustmentNetOfTax,,,,,,3908000.000,4167000.000,-1675000.000,-1007000.000,-486000.000,3037000.000,3043000.000,2024000.000,-9592000.000,-7270000.000,-14873000.000,-2494000.000,1823000.000,-9214000.000,8646000.000,3461000.000,-665000.000,-7517000.000,905000.000,8619000.000
OtherComprehensiveIncomeLossForeignCurrencyTranslationAdjustmentTax,,,,,,,,,,,,,,0.000,0.000,0.000,0.000,0.000,0.000,0.000,,,,,
OtherComprehensiveIncomeLossNetOfTax,,,,,,4720000.000,3838000.000,-866000.000,672000.000,2865000.000,3390000.000,3399000.000,-571000.000,-8631000.000,-9151000.000,-25112000.000,-6726000.000,2445000.000,-11737000.000,13986000.000,20172000.000,-40000.000,-5865000.000,-51000.000,6718000.000
OtherComprehensiveIncomeLossNetOfTaxPeriodIncreaseDecrease,,26006000.000,4331000.000,35067000.000,,,,,,,,,,,,,,,,,,,,,
OtherComprehensiveIncomeLossNetOfTaxPortionAttributableToNoncontrollingInterest,,1867000.000,696000.000,3242000.000,,,,,,,,,,,,,,,,,,,,,
OtherComprehensiveIncomeLossNetOfTaxPortionAttributableToParent,,24139000.000,3635000.000,31825000.000,,,,,,,,,,,,,,,,,,,,,
OtherComprehensiveIncomeLossPensionAndOtherPostretirementBenefitPlansAdjustmentBeforeTax,,,,,,255000.000,,43000.000,,,,-691000.000,,,,1072000.000,,8000.000,,90000.000,,,,,
OtherComprehensiveIncomeLossPensionAndOtherPostretirementBenefitPlansAdjustmentNetOfTax,,,,,,172000.000,,28000.000,,,,-450000.000,,,,701000.000,,8000.000,,90000.000,,,,35000.000,
OtherComprehensiveIncomeLossPensionAndOtherPostretirementBenefitPlansTax,,,,,,-83000.000,,-15000.000,,,,241000.000,,,,371000.000,,0.000,0.000,,,,,,
OtherComprehensiveIncomeLossTax,,,,,,-157000.000,-882000.000,128000.000,-1267000.000,-1469000.000,-308000.000,-273000.000,1522000.000,582000.000,-1092000.000,-6086000.000,15462000.000,-608000.000,1282000.000,-3075000.000,14542000.000,463000.000,395000.000,-460000.000,-940000.000
OtherNonoperatingIncome,,,,,,165000.000,303000.000,596000.000,388000.000,10937000.000,2472000.000,488000.000,3066000.000,323000.000,1220000.000,213000.000,-961000.000,-578000.000,996000.000,3305000.000,7544000.000,,872000.000,749000.000,
OtherNonoperatingIncomeExpense,-219000.000,401000.000,279000.000,728000.000,,,,,,,,,,,,,,,,,,863000.000,,,
OtherRestructuringCosts,,,,,,231000.000,,,,,,,,,,,,,,,,,,,
PaymentsForProceedsFromBusinessesAndInterestInAffiliates,,,,,,,,,,,,,,,,,,,,3683000.000,,,,,
PaymentsForProceedsFromOtherInvestingActivities,,785000.000,,-44023000.000,,,,,,,,,,,,,,,,,,,,,
PaymentsForRepurchaseOfCommonStock,,35405000.000,16715000.000,,,,,,,30516000.000,19800000.000,40762000.000,37140000.000,20071000.000,21549000.000,52795000.000,32945000.000,27582000.000,43914000.000,28352000.000,-1000.000,,,,
PaymentsForRestructuring,,4889000.000,,,,1010000.000,,,,821000.000,,,,2968000.000,,,,739000.000,,,,1419000.000,,,
PaymentsOfDividends,7413000.000,7169000.000,8414000.000,8273000.000,8282000.000,8150000.000,8954000.000,27040000.000,0.000,,10407000.000,10545000.000,,10112000.000,12138000.000,12517000.000,11667000.000,11551000.000,12065000.000,11913000.000,11664000.000,11894000.000,12828000.000,13374000.000,12620000.000
PaymentsOfDividendsMinorityInterest,2496000.000,3120000.000,3456000.000,3168000.000,-250000.000,,5990000.000,2592000.000,,1763000.000,875000.000,36512000.000,1819000.000,2867000.000,,9200000.000,,3336000.000,1564000.000,4206000.000,0.000,,6781000.000,3360000.000,
PaymentsOfStockIssuanceCosts,,,,,,,,,,,,,,,,,,602000.000,,,,,,,
PaymentsToAcquireBusinessesNetOfCashAcquired,19515000.000,41000000.000,38782000.000,152389000.000,7680000.000,,62110000.000,,,-52957000.000,-276000.000,35599000.000,29151000.000,36550000.000,14543000.000,54389000.000,-191000.000,,2950000.000,31256000.000,,,,,
PaymentsToAcquireInterestInSubsidiariesAndAffiliates,,,,,,,,,,,,,,,,,,1687000.000,,,,,,,
PaymentsToAcquireNotesReceivable,,,,,,,,,,,,,,5000000.000,2300000.000,,,,,,,,,,
PaymentsToAcquirePropertyPlantAndEquipment,5101000.000,6472000.000,3559000.000,5769000.000,15913000.000,16705000.000,7911000.000,9786000.000,10186000.000,13354000.000,17060000.000,21743000.000,19181000.000,23873000.000,23273000.000,26119000.000,22990000.000,38497000.000,21995000.000,14973000.000,21571000.000,16316000.000,14730000.000,21128000.000,16212000.000
ProceedsFromEquityMethodInvestmentDividendsOrDistributionsReturnOfCapital,,,,,,,,,,5555000.000,3668000.000,,,-3800000.000,129000.000,-4559000.000,0.000,,-226000.000,,,,,,
ProceedsFromIssuanceOfCommonStock,1077000.000,8208000.000,315000.000,1186000.000,1407000.000,10855000.000,4773000.000,17332000.000,4954000.000,2201000.000,4286000.000,-1241000.000,-628000.000,-1020000.000,566000.000,2081000.000,1283000.000,,3666000.000,2747000.000,,,,,
ProceedsFromIssuanceOfLongTermDebt,,,,,,150000000.000,,,,,,,,,20480000.000,5916000.000,,921000.000,,,,,,,
ProceedsFromRepaymentsOfShortTermDebt,-42957000.000,76250000.000,16881000.000,15329000.000,-10834000.000,-223688000.000,-14508000.000,-13390000.000,83140000.000,-51541000.000,-18736000.000,-8347000.000,-24994000.000,555000.000,-196000.000,112285000.000,-33597000.000,-68511000.000,27499000.000,-16716000.000,-28115000.000,-1117000.000,-1037000.000,-330000.000,-44000.000
ProceedsFromRepurchaseOfEquity,,,,,,,,,,,,,,,,,,,,,,5821000.000,-2849000.000,-12197000.000,150000.000
ProceedsFromSaleOfProductiveAssets,183000.000,5041000.000,6306000.000,3178000.000,22564000.000,6585000.000,9090000.000,552000.000,747000.000,7647000.000,16086000.000,580000.000,3125000.000,265000.000,921000.000,3521000.000,9300000.000,131000.000,9325000.000,431000.000,-90000.000,157000.000,799000.000,2000.000,4464000.000
ProductWarrantyAccrualPayments,,,,-1589000.000,,,,,,,,,,,,,,,,,,,,,
ProfitLoss,28334000.000,28341000.000,14201000.000,28398000.000,54413000.000,34865000.000,32622000.000,37331000.000,32017000.000,56353000.000,28340000.000,44211000.000,31248000.000,48820000.000,31455000.000,-23245000.000,30226000.000,34437000.000,25616000.000,33872000.000,63703000.000,68536000.000,49867000.000,38951000.000,60583000.000
ProvisionForDoubtfulAccounts,215000.000,29000.000,-140000.000,316000.000,,7000.000,,76000.000,,-481000.000,185000.000,-134000.000,462000.000,-203000.000,143000.000,-46000.000,365000.000,,,,,,,,
ReclassificationFromAccumulatedOtherComprehensiveIncomeCurrentPeriodBeforeTax,,,,,,,,,,-1379000.000,,,,-1944000.000,,,,,,,,,,,
ReclassificationFromAccumulatedOtherComprehensiveIncomeCurrentPeriodNetOfTax,,,,,,,,,,,,,,,,,,-9330000.000,,,,,,,
RepaymentsOfLongTermDebt,,,,95000.000,,442000.000,363000.000,365000.000,310000.000,284000.000,285000.000,286000.000,364000.000,302000.000,511000.000,101832000.000,207000.000,208000.000,220000.000,216000.000,218000.000,219000.000,218000.000,218000.000,219000.000
RestructuringCharges,464000.000,1703000.000,2048000.000,956000.000,1277000.000,403000.000,1262000.000,146000.000,1482000.000,-3997000.000,-1182000.000,1398000.000,,,,,,,,,,,,,
RestructuringReserveAccrualAdjustment,,2009000.000,,,,-336000.000,,,,,,,,243000.000,,,,-15000.000,,,,,,,
RestructuringReservePeriodExpense,,4918000.000,,,,,,,,,,,,,,,,,,,,,,,
RestructuringReservePeriodIncreaseDecrease,,,,,,399000.000,,,,907000.000,,,,100000.000,,,,3069000.000,,,,1217000.000,,,
Revenues,569439000.000,602387000.000,565652000.000,611255000.000,755407000.000,666035000.000,622622000.000,619527000.000,704060000.000,692291000.000,769900000.000,773230000.000,891005000.000,862414000.000,871012000.000,804785000.000,846023000.000,758147000.000,699816000.000,647080000.000,714671000.000,737549000.000,727780000.000,703436000.000,845343000.000
SalesRevenueNet,569439000.000,602387000.000,565652000.000,611255000.000,755407000.000,666035000.000,622622000.000,619527000.000,704060000.000,692291000.000,769900000.000,773230000.000,891005000.000,862414000.000,871012000.000,804785000.000,846023000.000,758147000.000,699816000.000,647080000.000,714671000.000,737549000.000,727780000.000,703436000.000,845343000.000
SegmentReportingInformationRevenue,,602387000.000,565652000.000,611255000.000,755407000.000,666035000.000,622622000.000,619527000.000,704060000.000,,,,,,,,,,,,,,,,
SellingGeneralAndAdministrativeExpense,59769000.000,45361000.000,52901000.000,62489000.000,64318000.000,59422000.000,65101000.000,63221000.000,70580000.000,71540000.000,78395000.000,75680000.000,74781000.000,75255000.000,77308000.000,66764000.000,76593000.000,75951000.000,72722000.000,70149000.000,78580000.000,81056000.000,76487000.000,75276000.000,83554000.000
SeveranceCosts,,,,,,85000.000,,,,,,,,,,,,,,,,,,,
ShareBasedCompensation,1603000.000,3201000.000,2578000.000,2797000.000,,,,,,,,,,,,,,,,,,,,,
StockIssuedDuringPeriodValueEmployeeBenefitPlan,,,,,,,,,,,,,,,,,,,,,,634000.000,,,
StockIssuedDuringPeriodValueNewIssues,,,,,,10855000.000,,,,2201000.000,,,,1020000.000,,,,-602000.000,,,,5821000.000,,,
StockIssuedDuringPeriodValueShareBasedCompensation,,3566000.000,,,,,,,,,,,,,,,,,,,,,,,
StockRepurchasedAndRetiredDuringPeriodValue,,,,,,,,,,30516000.000,,,,20071000.000,,,,27582000.000,,,,,,,
StockRepurchasedDuringPeriodValue,,-35405000.000,,,,,,,,,,,,,,,,,,,,,,,
UnusualOrInfrequentItemInsuranceProceeds,,,,,,,,,,,,,,10088000.000,1089000.000,,,,,,,,,,
WeightedAverageNumberDilutedSharesOutstandingAdjustment,,,,,,,,,,2482000.000,2522000.000,2633000.000,-4917000.000,2171000.000,2076000.000,,,1736000.000,1851000.000,1980000.000,-3281000.000,2452000.000,2377000.000,2227000.000,-4625000.000
WeightedAverageNumberOfDilutedSharesOutstanding,75001000.000,72418000.000,69356000.000,69509000.000,-141031000.000,69571000.000,70411000.000,71914000.000,-140582000.000,72083000.000,71826000.000,71528000.000,-143773000.000,69738000.000,69181000.000,66359000.000,-136795000.000,65729000.000,64527000.000,63727000.000,-129228000.000,64337000.000,64725000.000,64977000.000,-129165000.000
WeightedAverageNumberOfShareOutstandingBasicAndDiluted,,,,,,,,,,69373000.000,69138000.000,68302000.000,,67424000.000,66912000.000,65078000.000,,63343000.000,62101000.000,61285000.000,,62179000.000,62562000.000,62776000.000,
WeightedAverageNumberOfSharesOutstandingBasic,74171000.000,71518000.000,69350000.000,68972000.000,-140189000.000,68278000.000,68934000.000,69791000.000,-137702000.000,69601000.000,69304000.000,68895000.000,-138856000.000,67567000.000,67105000.000,66359000.000,-134722000.000,63993000.000,62676000.000,61747000.000,-125947000.000,61885000.000,62348000.000,62750000.000,-124540000.000
