,2011-03-31,2011-06-30,2011-09-30,2011-12-31,2012-03-31,2012-06-30,2012-09-30,2012-12-31,2013-03-31,2013-06-30,2013-09-30,2013-12-31,2014-03-31,2014-06-30,2014-09-30,2014-12-31,2015-03-31,2015-06-30,2015-09-30,2015-12-31,2016-03-31,2016-06-30,2016-09-30,2016-12-31,2017-03-31
AmortizationOfIntangibleAssets,57000000.000,57000000.000,58000000.000,53000000.000,56000000.000,53000000.000,54000000.000,54000000.000,54000000.000,55000000.000,55000000.000,53000000.000,54000000.000,55000000.000,48000000.000,49000000.000,46000000.000,46000000.000,45000000.000,44000000.000,44000000.000,44000000.000,44000000.000,44000000.000,44000000.000
AmountRecognizedInIncomeDueToInflationaryAccounting,-18000000.000,,,,,,,,54000000.000,,,,,,,,,,,,,,,,
AntidilutiveSecuritiesExcludedFromComputationOfEarningsPerShareAmount,18000000.000,16000000.000,10200000.000,-35000000.000,6000000.000,13300000.000,8800000.000,-20800000.000,10500000.000,8100000.000,8000000.000,-19600000.000,4700000.000,9900000.000,9700000.000,-15700000.000,10900000.000,12600000.000,,,8600000.000,6500000.000,4300000.000,-11600000.000,6700000.000
AssetImpairmentCharges,,,,,,,,,14000000.000,,,,12000000.000,,,,78000000.000,,,,67000000.000,,,,80000000.000
BusinessCombinationAcquisitionRelatedCosts,,,,,,,,,2000000.000,,,,,,,,1000000.000,1000000.000,6000000.000,0.000,,,,,
BusinessCombinationStepAcquisitionEquityInterestInAcquireeRemeasurementGain,,,,,,,,,22000000.000,,,,,,,,,,,,,,,,
CapitalExpendituresIncurredButNotYetPaid,,,,,,,,,,,,,,,,,,,,,211000000.000,,,,186000000.000
CashAndCashEquivalentsPeriodIncreaseDecrease,-393000000.000,,,,-122000000.000,,,,-1716000000.000,,,,-242000000.000,,,,204000000.000,,,,-532000000.000,,,,-434000000.000
CommonStockDividendsPerShareDeclared,0.290,0.290,0.290,0.290,0.290,0.290,0.290,0.130,0.130,0.130,0.140,0.140,0.140,0.140,0.150,0.150,0.150,0.150,0.170,0.170,0.170,0.170,0.190,0.190,0.190
ComprehensiveIncomeNetOfTax,1945000000.000,1716000000.000,-1938000000.000,-943000000.000,2208000000.000,-413000000.000,777000000.000,152000000.000,-153000000.000,-212000000.000,1888000000.000,2169000000.000,-64000000.000,978000000.000,-925000000.000,-2234000000.000,-1566000000.000,922000000.000,6349000000.000,-1106000000.000,1159000000.000,77000000.000,617000000.000,-1330000000.000,1188000000.000
ComprehensiveIncomeNetOfTaxAttributableToNoncontrollingInterest,,,,,15000000.000,-10000000.000,14000000.000,14000000.000,-1000000.000,1000000.000,10000000.000,10000000.000,-14000000.000,20000000.000,-15000000.000,-7000000.000,-37000000.000,30000000.000,-4000000.000,9000000.000,16000000.000,-7000000.000,-2000000.000,-14000000.000,7000000.000
ComprehensiveIncomeNetOfTaxIncludingPortionAttributableToNoncontrollingInterest,1958000000.000,1721000000.000,-1948000000.000,-941000000.000,2223000000.000,-423000000.000,791000000.000,166000000.000,-154000000.000,-211000000.000,1898000000.000,2179000000.000,-78000000.000,998000000.000,-940000000.000,-2241000000.000,-1603000000.000,952000000.000,6345000000.000,-1097000000.000,1175000000.000,70000000.000,615000000.000,-1344000000.000,1195000000.000
CostOfGoodsSold,7937000000.000,9007000000.000,8611000000.000,9795000000.000,8426000000.000,8416000000.000,8191000000.000,-3094000000.000,5502000000.000,5364000000.000,5328000000.000,5995000000.000,5437000000.000,5331000000.000,5195000000.000,5684000000.000,4821000000.000,4595000000.000,4179000000.000,4529000000.000,3920000000.000,3786000000.000,3908000000.000,4181000000.000,3889000000.000
DeferredIncomeTaxExpenseBenefit,-177000000.000,,,,-96000000.000,,,,-104000000.000,,,,-98000000.000,,,,25000000.000,,,,-53000000.000,,,,13000000.000
DefinedBenefitPlanRecognizedNetGainLossDueToCurtailments,,,,,,,,,,,,,,,,,,,,,,,8000000.000,,
DepreciationAndAmortization,372000000.000,,,,357000000.000,,,,266000000.000,,,,262000000.000,,,,232000000.000,,,,207000000.000,,,,200000000.000
DerivativeGainLossOnDerivativeNet,,,,,,,,,,,,,,,,,311000000.000,,,,,,,,
DividendsCash,509000000.000,,,,515000000.000,,,,232000000.000,,,,238000000.000,,,,244000000.000,,,,266000000.000,,,,290000000.000
EarningsPerShareBasic,0.460,0.550,0.520,0.470,0.460,0.580,0.370,0.290,0.320,0.340,0.580,0.970,0.100,0.370,0.530,0.290,0.200,0.250,4.520,-0.480,0.350,0.300,0.350,0.070,0.410
EarningsPerShareDiluted,0.450,0.550,0.520,0.470,0.460,0.580,0.360,0.290,0.320,0.340,0.570,0.960,0.090,0.360,0.530,0.300,0.190,0.250,4.460,-0.460,0.350,0.290,0.350,0.060,0.410
EffectOfExchangeRateOnCashAndCashEquivalents,42000000.000,,,,56000000.000,,,,-40000000.000,,,,-27000000.000,,,,-116000000.000,,,,31000000.000,,,,32000000.000
EffectOnFutureCashFlowsAmount,,,,,560000000.000,,,,,,,,,,,,,,,,,,,,
EffectiveIncomeTaxRateContinuingOperations,,,,,,,,,-0.034,0.021,0.013,0.025,-0.220,0.124,0.165,0.069,0.266,0.190,0.045,-0.426,0.103,0.242,0.072,-0.328,0.214
EmployeeServiceShareBasedCompensationCashReceivedFromExerciseOfStockOptions,,,,,,,,,,,,,,,,,,,,,,,,,57000000.000
EmployeeServiceShareBasedCompensationTaxBenefitRealizedFromExerciseOfStockOptions,,,,,,,,,,,,,,,,,,,,,,,,,8000000.000
EquityMethodInvestmentDividendsOrDistributions,,,,,,,,,,,,,,,,,,,,,54000000.000,,,,122000000.000
EquityMethodInvestmentRealizedGainLossOnDisposal,,,,,,,,,,,,,,,,,,,,,43000000.000,,,,
FiniteLivedIntangibleAssetsWeightedAverageUsefulLife,13.200,,,,,,,,,,,,,,,,,,,,,,,,
FutureAmortizationExpenseYearOne,230000000.000,,,,,,,,,,,,,,,,,,,,,,,,
GainLossFromComponentsExcludedFromAssessmentOfCashFlowHedgeEffectivenessNet,,,,,130000000.000,,,,,,,,,,,,-34000000.000,,,,-97000000.000,,,,
GainLossOnSaleOfAccountsReceivable,,,,,,,,,,,,,,,,,,,,,-1000000.000,-1000000.000,-2000000.000,,
GainLossOnSaleOfBusiness,,,,,,,,,,,,,,,,,,13000000.000,7122000000.000,,,,,,
GainOnPurchaseOfBusiness,,,,,,,,,22000000.000,,,,,,,,,,,,,,,,
GainsLossesOnExtinguishmentOfDebt,,,,,,,,,,,,,-492000000.000,,,,-708000000.000,,,,,,,,
GoodwillAcquiredDuringPeriod,,,,,,,,,180000000.000,,,,,,,,19000000.000,,,,,,,,
GoodwillForeignCurrencyTranslationGainLoss,,,,,,,,,,,,,,,,,,,,,,,,,239000000.000
GoodwillImpairmentLoss,,,,,,,,,,,,,,,,,,,,,0.000,,,,
GoodwillOtherChanges,,,,,,,,,4000000.000,,,,,,,,,,,,,,,,
GoodwillPurchaseAccountingAdjustments,,,,,,,,,,,,,,,,,,,,,-76000000.000,,,,
GoodwillTranslationAdjustments,,,,,643000000.000,,,,-425000000.000,,,,-189000000.000,,,,-1052000000.000,,,,389000000.000,,,,
GrossProfit,4636000000.000,4871000000.000,4615000000.000,4893000000.000,4667000000.000,4870000000.000,4718000000.000,-1179000000.000,3242000000.000,3231000000.000,3144000000.000,3493000000.000,3204000000.000,3105000000.000,3142000000.000,3146000000.000,2941000000.000,3066000000.000,2670000000.000,2835000000.000,2535000000.000,2516000000.000,2488000000.000,2589000000.000,2525000000.000
ImpairmentOfIntangibleAssetsExcludingGoodwill,,,,,20000000.000,,,,,,,,,,,,,,,,14000000.000,,,,
IncomeLossFromContinuingOperationsBeforeIncomeTaxesExtraordinaryItemsNoncontrollingInterest,1200000000.000,1365000000.000,,,,,,,,,,,,,,,,,,,,,,,
IncomeLossFromContinuingOperationsBeforeIncomeTaxesMinorityInterestAndIncomeLossFromEquityMethodInvestments,1200000000.000,1365000000.000,1273000000.000,934000000.000,1138000000.000,1450000000.000,788000000.000,-1602000000.000,555000000.000,630000000.000,1044000000.000,163000000.000,123000000.000,733000000.000,1080000000.000,618000000.000,425000000.000,527000000.000,7688000000.000,-756000000.000,478000000.000,487000000.000,557000000.000,-68000000.000,721000000.000
IncomeLossFromContinuingOperationsIncludingPortionAttributableToNoncontrollingInterest,802000000.000,976000000.000,927000000.000,842000000.000,,,,,574000000.000,617000000.000,1030000000.000,111000000.000,,,,,,,,,,,,,
IncomeLossFromContinuingOperationsPerBasicShare,0.460,0.550,0.520,0.470,,,,,0.320,0.340,0.580,0.060,,,,,,,,,,,,,
IncomeLossFromContinuingOperationsPerDilutedShare,0.450,0.550,0.520,0.470,,,,,0.320,0.340,0.570,0.060,,,,,,,,,,,,,
IncomeLossFromEquityMethodInvestments,,,,,,,,,,,,,,,,,,,-72000000.000,,85000000.000,102000000.000,31000000.000,83000000.000,66000000.000
IncomeTaxExpenseBenefit,398000000.000,389000000.000,346000000.000,92000000.000,319000000.000,416000000.000,129000000.000,-657000000.000,-19000000.000,13000000.000,14000000.000,52000000.000,-27000000.000,91000000.000,178000000.000,111000000.000,113000000.000,100000000.000,348000000.000,32000000.000,49000000.000,118000000.000,40000000.000,-78000000.000,154000000.000
IncomeTaxReconciliationDeductionsQualifiedProductionActivities,,,,,,,,,,,,,,,,,,,,,,,,,16000000.000
IncomeTaxReconciliationDispositionOfBusiness,,,,,,,,,,39000000.000,,,,,,,,,,,,,,,
IncomeTaxReconciliationOtherAdjustments,,,,,,,,,,,,,,37000000.000,,,,,,,,,,,
IncomeTaxReconciliationPriorYearIncomeTaxes,,,,,,,,,36000000.000,11000000.000,,,,-5000000.000,20000000.000,,,,,,,,,,
IncreaseDecreaseInAccountsPayable,-122000000.000,,,,-184000000.000,,,,-246000000.000,,,,67000000.000,,,,317000000.000,,,,-135000000.000,,,,-443000000.000
IncreaseDecreaseInInventories,694000000.000,,,,482000000.000,,,,160000000.000,,,,299000000.000,,,,178000000.000,,,,77000000.000,,,,95000000.000
IncreaseDecreaseInOtherOperatingAssets,233000000.000,,,,42000000.000,,,,85000000.000,,,,59000000.000,,,,50000000.000,,,,-14000000.000,,,,-126000000.000
IncreaseDecreaseInOtherOperatingLiabilities,-33000000.000,,,,-651000000.000,,,,-366000000.000,,,,-815000000.000,,,,-481000000.000,,,,-463000000.000,,,,-478000000.000
IncreaseDecreaseInReceivables,464000000.000,,,,747000000.000,,,,315000000.000,,,,305000000.000,,,,558000000.000,,,,404000000.000,,,,454000000.000
IncrementalCommonSharesAttributableToShareBasedPaymentArrangements,6000000.000,7000000.000,7000000.000,-13000000.000,10000000.000,9000000.000,10000000.000,-17000000.000,14000000.000,15000000.000,15000000.000,-29000000.000,18000000.000,18000000.000,17000000.000,-35000000.000,17000000.000,18000000.000,20.000,-16000020.000,18.000,19000000.000,19000000.000,-21000018.000,21000000.000
InterestAndDebtExpense,446000000.000,441000000.000,425000000.000,573000000.000,553000000.000,429000000.000,864000000.000,17000000.000,279000000.000,235000000.000,218000000.000,,,,,,,,,,,,,,
InterestExpenseDebt,,,,,,,,,,,,,,,188000000.000,,175000000.000,147000000.000,139000000.000,148000000.000,136000000.000,135000000.000,129000000.000,115000000.000,103000000.000
MinorityInterestDecreaseFromDistributionsToNoncontrollingInterestHolders,,,,,,,,,,,,,18000000.000,,,,,,,,,,,,
NetCashProvidedByUsedInFinancingActivities,795000000.000,,,,917000000.000,,,,-993000000.000,,,,679000000.000,,,,185000000.000,,,,207000000.000,,,,378000000.000
NetCashProvidedByUsedInFinancingActivitiesContinuingOperations,795000000.000,,,,917000000.000,,,,-993000000.000,,,,679000000.000,,,,185000000.000,,,,207000000.000,,,,378000000.000
NetCashProvidedByUsedInInvestingActivities,-244000000.000,,,,-244000000.000,,,,-298000000.000,,,,-317000000.000,,,,417000000.000,,,,-316000000.000,,,,-287000000.000
NetCashProvidedByUsedInInvestingActivitiesContinuingOperations,-244000000.000,,,,-244000000.000,,,,-298000000.000,,,,-317000000.000,,,,417000000.000,,,,-316000000.000,,,,-287000000.000
NetCashProvidedByUsedInOperatingActivities,-986000000.000,,,,-851000000.000,,,,-385000000.000,,,,-577000000.000,,,,-282000000.000,,,,-454000000.000,,,,-557000000.000
NetCashProvidedByUsedInOperatingActivitiesContinuingOperations,-986000000.000,,,,-851000000.000,,,,-385000000.000,,,,-577000000.000,,,,-282000000.000,,,,-454000000.000,,,,-557000000.000
NetIncomeLoss,799000000.000,976000000.000,922000000.000,830000000.000,813000000.000,1029000000.000,652000000.000,534000000.000,568000000.000,616000000.000,1024000000.000,1707000000.000,163000000.000,622000000.000,899000000.000,500000000.000,324000000.000,406000000.000,7266000000.000,-729000000.000,554000000.000,464000000.000,548000000.000,93000000.000,630000000.000
NetIncomeLossAttributableToNoncontrollingInterest,3000000.000,,5000000.000,,6000000.000,5000000.000,7000000.000,9000000.000,6000000.000,1000000.000,6000000.000,7000000.000,-13000000.000,20000000.000,3000000.000,7000000.000,-12000000.000,21000000.000,2000000.000,13000000.000,3000000.000,7000000.000,,,3000000.000
NonoperatingIncomeExpense,,,,,,,,,,,,,-720000000.000,-224000000.000,227000000.000,29000000.000,-386000000.000,-314000000.000,-114000000.000,-199000000.000,-244000000.000,-151000000.000,-145000000.000,-575000000.000,-119000000.000
OperatingIncomeLoss,1646000000.000,1806000000.000,1698000000.000,1507000000.000,1691000000.000,1879000000.000,1652000000.000,-1585000000.000,834000000.000,865000000.000,1262000000.000,1010000000.000,843000000.000,957000000.000,853000000.000,589000000.000,811000000.000,841000000.000,7802000000.000,-557000000.000,722000000.000,638000000.000,702000000.000,507000000.000,840000000.000
OtherComprehensiveIncomeAmortizationOfDefinedBenefitPlanNetPriorServiceCostCreditRecognizedInNetPeriodicBenefitCostBeforeTax,,,,,132000000.000,,,,,,,,,,,,,,,,,,,,
OtherComprehensiveIncomeDefinedBenefitPlansNetUnamortizedGainLossArisingDuringPeriodBeforeTax,,,,,29000000.000,,,,,,,,,,,,,,,,,,,,
OtherComprehensiveIncomeDefinedBenefitPlansTax,,,,,-53000000.000,,,,,,,,,,,,,,,,,,,,
OtherComprehensiveIncomeDerivativesQualifyingAsHedgesTaxEffectPeriodIncreaseDecrease,,,,,-80000000.000,,,,,,,,,,,,,,,,,,,,
OtherComprehensiveIncomeForeignCurrencyTransactionAndTranslationAdjustmentBeforeTaxPeriodIncreaseDecrease,,,,,1160000000.000,,,,,,,,,,,,,,,,,,,,
OtherComprehensiveIncomeForeignCurrencyTransactionAndTranslationAdjustmentBeforeTaxPortionAttributableToNoncontrollingInterest,,,,,,,,,7000000.000,,,,-1000000.000,,,,-25000000.000,,,,,,,,
OtherComprehensiveIncomeForeignCurrencyTransactionAndTranslationAdjustmentBeforeTaxPortionAttributableToParent,,,,,,,,,-764000000.000,,,,-217000000.000,,,,-2221000000.000,,,,,,,,
OtherComprehensiveIncomeForeignCurrencyTransactionAndTranslationGainLossBeforeReclassificationAndTax,,,,,,-1358000000.000,726000000.000,,-771000000.000,-938000000.000,778000000.000,-149000000.000,-233000000.000,373000000.000,-1755000000.000,-1672000000.000,-1721000000.000,397000000.000,-1047000000.000,-388000000.000,,,,,
OtherComprehensiveIncomeForeignCurrencyTranslationAdjustmentTax,,,,,37000000.000,,,,,,,,,,,,,,,,,,,,
OtherComprehensiveIncomeLossAmortizationAdjustmentFromAOCIPensionAndOtherPostretirementBenefitPlansForNetPriorServiceCostCreditBeforeTax,,,,,,,,,,,48000000.000,,34000000.000,35000000.000,31000000.000,32000000.000,52000000.000,67000000.000,46000000.000,42000000.000,,,,,
OtherComprehensiveIncomeLossAmortizationPensionAndOtherPostretirementBenefitPlansNetPriorServiceCostRecognizedInNetPeriodicBenefitCostBeforeTax,,,,,,-117000000.000,-128000000.000,,-50000000.000,-47000000.000,,,,,,,,,,,,,,,
OtherComprehensiveIncomeLossDerivativesQualifyingAsHedgesNetOfTax,,,,,,,,,,,,,,,,,,,,,-7000000.000,17000000.000,2000000.000,-87000000.000,18000000.000
OtherComprehensiveIncomeLossDerivativesQualifyingAsHedgesTax,,,,,,-151000000.000,164000000.000,,16000000.000,42000000.000,8000000.000,20000000.000,-23000000.000,-20000000.000,-14000000.000,-35000000.000,-16000000.000,29000000.000,-29000000.000,7000000.000,,,,,
OtherComprehensiveIncomeLossForeignCurrencyTransactionAndTranslationAdjustmentNetOfTax,,,,,,,,,,,,,,,,,,,,,601000000.000,-463000000.000,35000000.000,-1098000000.000,543000000.000
OtherComprehensiveIncomeLossForeignCurrencyTranslationAdjustmentTax,,,,,,28000000.000,-17000000.000,,37000000.000,-7000000.000,-39000000.000,-27000000.000,-6000000.000,9000000.000,147000000.000,78000000.000,192000000.000,-104000000.000,23000000.000,73000000.000,,,,,
OtherComprehensiveIncomeLossNetOfTax,,,,,,-1457000000.000,132000000.000,,-728000000.000,-828000000.000,868000000.000,465000000.000,-228000000.000,356000000.000,-1842000000.000,-2748000000.000,-1915000000.000,525000000.000,-923000000.000,-381000000.000,618000000.000,-401000000.000,67000000.000,-1437000000.000,562000000.000
OtherComprehensiveIncomeLossNetOfTaxPeriodIncreaseDecrease,1156000000.000,,,,1404000000.000,,,,,,,,,,,,,,,,,,,,
OtherComprehensiveIncomeLossNetOfTaxPortionAttributableToNoncontrollingInterest,,,,,,,,,,,,,,,,,,,,,13000000.000,-14000000.000,-2000000.000,-14000000.000,4000000.000
OtherComprehensiveIncomeLossNetOfTaxPortionAttributableToParent,,,,,,,,,-721000000.000,,,,-227000000.000,,,,-1890000000.000,,,,605000000.000,-387000000.000,69000000.000,-1423000000.000,558000000.000
OtherComprehensiveIncomeLossPensionAndOtherPostretirementBenefitPlansAdjustmentNetOfTax,,,,,,,,,,,,,,,,,,,,,-24000000.000,-45000000.000,-30000000.000,252000000.000,-1000000.000
OtherComprehensiveIncomeLossPensionAndOtherPostretirementBenefitPlansNetUnamortizedGainLossArisingDuringPeriodBeforeTax,,,,,,80000000.000,-1583000000.000,,6000000.000,-9000000.000,6000000.000,710000000.000,6000000.000,-6000000.000,16000000.000,-1404000000.000,,-28000000.000,127000000.000,,,,,,
OtherComprehensiveIncomeLossPensionAndOtherPostretirementBenefitPlansTax,,,,,,-87000000.000,519000000.000,,-17000000.000,-9000000.000,-11000000.000,-207000000.000,-13000000.000,-8000000.000,-26000000.000,433000000.000,-13000000.000,-18000000.000,-68000000.000,33000000.000,,,,,
OtherComprehensiveIncomeLossReclassificationAdjustmentFromAOCIOnDerivativesBeforeTax,,,,,,,,,,,-8000000.000,,2000000.000,2000000.000,18000000.000,23000000.000,4000000.000,44000000.000,-75000000.000,6000000.000,,,,,
OtherComprehensiveIncomeLossReclassificationAdjustmentFromAOCIPensionAndOtherPostretirementBenefitPlansForNetGainLossBeforeTax,,,,,,,,,,,2000000.000,,-7000000.000,-9000000.000,-9000000.000,-17000000.000,-3000000.000,-10000000.000,-51000000.000,-47000000.000,,,,,
OtherComprehensiveIncomeLossReclassificationAdjustmentOnDerivativesIncludedInNetIncomeBeforeTax,,,,,,18000000.000,446000000.000,,23000000.000,22000000.000,,,,,,,,,,,,,,,
OtherComprehensiveIncomeLossTaxPortionAttributableToParent1,,,,,,,,,70000000.000,,,,-16000000.000,,,,-189000000.000,,,,,,,,
OtherComprehensiveIncomeReclassificationAdjustmentOnDerivativesIncludedInNetIncomeBeforeTax,,,,,125000000.000,,,,,,,,,,,,,,,,,,,,
OtherComprehensiveIncomeReclassificationOfDefinedBenefitPlansNetGainLossRecognizedInNetPeriodicBenefitCostBeforeTax,,,,,20000000.000,40000000.000,53000000.000,22000000.000,3000000.000,2000000.000,,,,,,,,,,,,,,,
OtherComprehensiveIncomeUnrealizedGainLossOnDerivativesArisingDuringPeriodBeforeTax,,,,,34000000.000,-390000000.000,-10000000.000,-46000000.000,31000000.000,92000000.000,10000000.000,36000000.000,-56000000.000,-56000000.000,34000000.000,-88000000.000,-56000000.000,66000000.000,-113000000.000,29000000.000,,,,,
OtherNoncashIncomeExpense,30000000.000,,,,-1000000.000,,,,-44000000.000,,,,-48000000.000,,,,-67000000.000,,,,-102000000.000,,,,-43000000.000
OtherNonoperatingIncomeExpense,,,,,,,,,,,,,,,-5000000.000,,-15000000.000,-23000000.000,-4000000.000,-11000000.000,-11000000.000,-16000000.000,-16000000.000,-33000000.000,-16000000.000
PaymentsForProceedsFromOtherInvestingActivities,7000000.000,,,,,,,,-1000000.000,,,,-9000000.000,,,,,,,,,,,,
PaymentsForRepurchaseOfCommonStock,,,,,,,,,,,,,468000000.000,,,,1500000000.000,,,,1187000000.000,,,,461000000.000
PaymentsOfDividends,507000000.000,,,,514000000.000,,,,232000000.000,,,,238000000.000,,,,249000000.000,,,,269000000.000,,,,292000000.000
PaymentsToAcquireBusinessesNetOfCashAcquired,,,,,,,,,119000000.000,,,,,,,,81000000.000,,,,,,,,
PaymentsToAcquirePropertyPlantAndEquipment,237000000.000,,,,335000000.000,,,,235000000.000,,,,326000000.000,,,,439000000.000,,,,335000000.000,,,,306000000.000
ProceedsFromDivestitureOfBusinessesNetOfCashDivested,,,,,91000000.000,,,,,,,,,,,,,,,,,,,,
ProceedsFromHedgeInvestingActivities,,,,,,,,,,,,,,,,,939000000.000,,,,,,,,
ProceedsFromIssuanceOfCommercialPaper,,,,,,,,,,,,,1607000000.000,,,,333000000.000,,,,67000000.000,,,,626000000.000
ProceedsFromIssuanceOfLongTermDebt,10000000.000,,,,802000000.000,,,,6000000.000,,,,2994000000.000,,,,3601000000.000,,,,1149000000.000,,,,350000000.000
ProceedsFromPaymentsForOtherFinancingActivities,241000000.000,,,,134000000.000,,,,51000000.000,,,,40000000.000,,,,27000000.000,,,,-44000000.000,,,,60000000.000
ProceedsFromRepaymentsOfShortTermDebt,1054000000.000,,,,3134000000.000,,,,-66000000.000,,,,-19000000.000,,,,2154000000.000,,,,2246000000.000,,,,1587000000.000
ProceedsFromSaleOfProductiveAssets,,,,,,,,,,,,,,,,,-2000000.000,,,,19000000.000,,,,19000000.000
ProfitLoss,802000000.000,976000000.000,927000000.000,842000000.000,819000000.000,1034000000.000,659000000.000,543000000.000,574000000.000,617000000.000,1030000000.000,1714000000.000,150000000.000,642000000.000,902000000.000,507000000.000,312000000.000,427000000.000,7268000000.000,-716000000.000,557000000.000,471000000.000,548000000.000,93000000.000,633000000.000
ReclassificationFromAccumulatedOtherComprehensiveIncomeCurrentPeriodBeforeTax,,,,,,,,,,,,,-39000000.000,,,,-51000000.000,,,,,,,,
ReclassificationFromAccumulatedOtherComprehensiveIncomeCurrentPeriodNetOfTax,,,,,,,,,,,,,26000000.000,35000000.000,-2000000.000,20000000.000,24000000.000,,,,-140000000.000,-38000000.000,-28000000.000,-44000000.000,-43000000.000
RepaymentsOfCommercialPaper,,,,,,,,,,,,,723000000.000,,,,96000000.000,,,,,,,,513000000.000
RepaymentsOfLongTermDebt,3000000.000,,,,2639000000.000,,,,752000000.000,,,,2514000000.000,,,,4085000000.000,,,,1755000000.000,,,,979000000.000
RestructuringAndRelatedCostExpectedCost,,,,,950000000.000,,,,,,,,,,,,,,,,,,,,
RestructuringCharges,,,,,78000000.000,83000000.000,,,,,,,,,,,,,,,,,,,
RestructuringCostsAndAssetImpairmentCharges,,,,,56000000.000,,,,,,,,,,,,,,,,,,,,
RestructuringReservePeriodExpense,,,,,78000000.000,,,,,,,,,,,,,,,,,,,,
RestructuringReserveSettledWithCash,,,,,12000000.000,,,,,,,,,,,,,,,,,,,,
RestructuringReserveSettledWithoutCash,,,,,36000000.000,,,,,,,,,,,,,,,,,,,,
RestructuringSettlementAndImpairmentProvisions,,,-7000000.000,,98000000.000,84000000.000,57000000.000,-86000000.000,44000000.000,48000000.000,43000000.000,138000000.000,42000000.000,55000000.000,188000000.000,407000000.000,160000000.000,231000000.000,155000000.000,355000000.000,154000000.000,166000000.000,190000000.000,342000000.000,166000000.000
Revenues,12573000000.000,13878000000.000,13226000000.000,14688000000.000,13093000000.000,13286000000.000,12909000000.000,-4273000000.000,8744000000.000,8595000000.000,8472000000.000,9488000000.000,8641000000.000,8436000000.000,8337000000.000,8830000000.000,7762000000.000,7661000000.000,6849000000.000,7364000000.000,6455000000.000,6302000000.000,6396000000.000,6770000000.000,6414000000.000
SalesRevenueNet,12573000000.000,13878000000.000,13226000000.000,14688000000.000,13093000000.000,13286000000.000,12909000000.000,-4273000000.000,8744000000.000,8595000000.000,8472000000.000,9488000000.000,8641000000.000,8436000000.000,8337000000.000,8830000000.000,7762000000.000,7661000000.000,6849000000.000,7364000000.000,6455000000.000,6302000000.000,6396000000.000,6770000000.000,6414000000.000
SellingGeneralAndAdministrativeExpense,2933000000.000,3008000000.000,2866000000.000,3333000000.000,2822000000.000,2854000000.000,2955000000.000,545000000.000,2332000000.000,2269000000.000,1784000000.000,2294000000.000,2265000000.000,2038000000.000,2053000000.000,2101000000.000,1924000000.000,1961000000.000,1790000000.000,1902000000.000,1615000000.000,1668000000.000,1552000000.000,1705000000.000,1475000000.000
ShareBasedCompensation,44000000.000,,,,49000000.000,,,,33000000.000,,,,35000000.000,,,,36000000.000,,,,30000000.000,,,,39000000.000
ShareBasedCompensationArrangementByShareBasedPaymentAwardEquityInstrumentsOtherThanOptionsForfeitedInPeriod,,,,,,,,,,,,,,,,,267181.000,,,,297220.000,,,,293146.000
ShareBasedCompensationArrangementByShareBasedPaymentAwardEquityInstrumentsOtherThanOptionsForfeituresWeightedAverageGrantDateFairValue,,,,,,,,,,,,,,,,,32.490,,,,35.410,,,,38.490
ShareBasedCompensationArrangementByShareBasedPaymentAwardEquityInstrumentsOtherThanOptionsGrantsInPeriod,4476000.000,,,,4100000.000,,,,,,,,,,,,3495253.000,,,,3071668.000,,,,2093237.000
ShareBasedCompensationArrangementByShareBasedPaymentAwardEquityInstrumentsOtherThanOptionsGrantsInPeriodWeightedAverageGrantDateFairValue,31.780,,,,36.600,,,,,,,,,,,,36.900,,,,37.030,,,,42.740
ShareBasedCompensationArrangementByShareBasedPaymentAwardEquityInstrumentsOtherThanOptionsVestedInPeriod,3997000.000,,,,4700000.000,,,,,,,,,,,,3234075.000,,,,3675455.000,,,,2284703.000
ShareBasedCompensationArrangementByShareBasedPaymentAwardEquityInstrumentsOtherThanOptionsVestedInPeriodTotalFairValue,122000000.000,,,,181000000.000,,,,,,,,,,,,119000000.000,,,,147000000.000,,,,98000000.000
ShareBasedCompensationArrangementByShareBasedPaymentAwardEquityInstrumentsOtherThanOptionsVestedInPeriodWeightedAverageGrantDateFairValue,,,,,,,,,,,,,,,,,36.950,,,,39.950,,,,42.920
ShareBasedCompensationArrangementByShareBasedPaymentAwardOptionsExercisesInPeriodTotalIntrinsicValue,30000000.000,,,,25000000.000,,,,22600000.000,,,,33100000.000,,,,35000000.000,,,,28000000.000,,,,38000000.000
ShareBasedCompensationArrangementByShareBasedPaymentAwardOptionsForfeituresAndExpirationsInPeriod,,,,,,,,,,,,,,,,,632703.000,,,,487243.000,,,,589971.000
ShareBasedCompensationArrangementByShareBasedPaymentAwardOptionsGrantsInPeriod,15811000.000,,,,13400000.000,,,,12000000.000,,,,10000000.000,,,,9707990.000,,,,7594480.000,,,,6021450.000
ShareBasedCompensationArrangementsByShareBasedPaymentAwardOptionsExercisesInPeriodWeightedAverageExercisePrice,,,,,,,,,,,,,,,,,23.160,,,,24.450,,,,26.180
ShareBasedCompensationArrangementsByShareBasedPaymentAwardOptionsForfeituresInPeriodWeightedAverageExercisePrice,,,,,,,,,,,,,,,,,31.370,,,,34.420,,,,37.930
ShareBasedCompensationArrangementsByShareBasedPaymentAwardOptionsGrantsInPeriodWeightedAverageExercisePrice,,,,,,,,,27.100,,,,34.170,,,,36.820,,,,39.730,,,,43.200
StockGrantedDuringPeriodValueSharebasedCompensation,108000000.000,,,,55000000.000,,,,44000000.000,,,,70000000.000,,,,106000000.000,,,,52000000.000,,,,72000000.000
StockIssuedDuringPeriodSharesStockOptionsExercised,3440000.000,,,,2400000.000,,,,2700000.000,,,,2500000.000,,,,2598094.000,,,,1719156.000,,,,2080511.000
TaxAdjustmentsSettlementsAndUnusualProvisions,,,,,,,,,,,,,,,,,7000000.000,4000000.000,-5000000.000,8000000.000,,,,,
TreasuryStockValueAcquiredCostMethod,,,,,,,,,,,,,492000000.000,,,,1500000000.000,,,,1187000000.000,,,,473000000.000
UnrealizedGainLossOnCashFlowHedgingInstruments,,,,,,29000000.000,54000000.000,,,,,,,,,,,,,,,,,,
UnrealizedGainLossOnDerivatives,,,,,,,,,,,,,,,420000000.000,,240000000.000,,,,,,,,
WeightedAverageNumberOfDilutedSharesOutstanding,1760000000.000,1771000000.000,1777000000.000,-3536000000.000,1783000000.000,1786000000.000,1789000000.000,-3569000000.000,1798000000.000,1803000000.000,1794000000.000,-3606000000.000,1722000000.000,1712000000.000,1705000000.000,-3430000000.000,1665000000.000,1643000000.000,1629.000,-1671001629.000,1587.000,1576000000.000,1576000000.000,-1579001587.000,1550000000.000
WeightedAverageNumberOfSharesOutstandingBasic,1754000000.000,1764000000.000,1770000000.000,-3523000000.000,1773000000.000,1777000000.000,1779000000.000,-3552000000.000,1784000000.000,1788000000.000,1779000000.000,-3577000000.000,1704000000.000,1694000000.000,1688000000.000,-3395000000.000,1648000000.000,1625000000.000,1609.000,-1655001609.000,1569.000,1557000000.000,1557000000.000,-1558001569.000,1529000000.000
