,2011-03-31,2011-06-30,2011-09-30,2011-12-31,2012-03-31,2012-06-30,2012-09-30,2012-12-31,2013-03-31,2013-06-30,2013-09-30,2013-12-31,2014-03-31,2014-06-30,2014-09-30,2014-12-31,2015-03-31,2015-06-30,2015-09-30
AcquisitionCosts,,,,,,,,,,19392000.000,6221000.000,,,,,,,,
AmortizationOfDebtDiscountPremium,2832000.000,2888000.000,2883000.000,2942000.000,2999000.000,3058000.000,3119000.000,3182000.000,3244000.000,3308000.000,3374000.000,0.000,,,,,,,
AmortizationOfFinancingCosts,163000.000,,,,160000.000,,,,160000.000,,,,,,,,,,
AmortizationOfFinancingCostsAndDiscounts,,,,,,,,,,,,,2331000.000,,,,2181000.000,,
AmortizationOfIntangibleAssets,8944000.000,8944000.000,8944000.000,6817000.000,7379000.000,7444000.000,7742000.000,7729000.000,7603000.000,58130000.000,64606000.000,63298000.000,64001000.000,58735000.000,57100000.000,56685000.000,57147000.000,56783000.000,57132000.000
AntidilutiveSecuritiesExcludedFromComputationOfEarningsPerShareAmount,,,,,,,,,,1500000.000,2800000.000,,10000.000,3700.000,0.000,-9400.000,,600.000,26400.000
AssetsFairValueAdjustment,,,,,,,,,19348000.000,,,,,,,,,,
BusinessAcquisitionProFormaEarningsPerShareBasic,,,,,,,,,,-0.360,,,,,,,,,
BusinessAcquisitionProFormaEarningsPerShareDiluted,,,,,,,,,,-0.360,,,,,,,,,
BusinessAcquisitionsProFormaNetIncomeLoss,,,,,,,,,,-49275000.000,,,,,,,,,
BusinessAcquisitionsProFormaRevenue,,,,,,,,,,1068887000.000,,,,,,,,,
BusinessCombinationAcquisitionRelatedCosts,,,,,607000.000,102000.000,30000.000,5131000.000,7190000.000,19392000.000,6221000.000,12668000.000,11502000.000,12518000.000,10226000.000,3252000.000,898000.000,12566000.000,
CashAndCashEquivalentsPeriodIncreaseDecrease,5626000.000,,,,-20067000.000,,,,291848000.000,,,,-1731000.000,,,,-66308000.000,,
CashFlowHedgeGainLossToBeReclassifiedWithinTwelveMonths,,,,,,,,,,,,,7300000.000,,,,6300000.000,,
ComprehensiveIncomeNetOfTax,,16976000.000,12209000.000,,6215000.000,15063000.000,17727000.000,16600000.000,-14602000.000,-50063000.000,13455000.000,6324000.000,40326000.000,37511000.000,56658000.000,186331000.000,17207000.000,17074000.000,18691000.000
ComprehensiveIncomeNetOfTaxAttributableToNoncontrollingInterest,,,,,,,,,,,,,,,,,,1630000.000,2916000.000
ComprehensiveIncomeNetOfTaxIncludingPortionAttributableToNoncontrollingInterest,,,,,,,,,,,,,,,,,,15444000.000,15775000.000
CostOfGoodsAndServicesSold,170490000.000,158901000.000,174250000.000,174531000.000,193993000.000,230801000.000,254480000.000,211812000.000,245124000.000,769285000.000,750831000.000,832914000.000,878243000.000,1009659000.000,969711000.000,882812000.000,878602000.000,895716000.000,862083000.000
CostOfGoodsSold,152755000.000,140259000.000,156869000.000,156770000.000,175123000.000,210016000.000,224373000.000,199087000.000,222727000.000,,,,,,,,,,
CostOfServices,17735000.000,18642000.000,17381000.000,17761000.000,18870000.000,20785000.000,21107000.000,21725000.000,22397000.000,,,,,,,,,,
CurrentFederalTaxExpenseBenefit,,,400000.000,,,,,,,,,,,,,,,,
DeferredIncomeTaxExpenseBenefit,-7844000.000,,,,,,,,-5995000.000,,,,-8385000.000,,,,,,
DefinedBenefitPlanAmortizationOfGainsLosses,,-72000.000,-72000.000,,,,,,,,,,,-76000.000,-76000.000,,,,
DefinedBenefitPlanAmortizationOfNetGainsLosses,,,,,210000.000,210000.000,210000.000,210000.000,154000.000,,,,,,,,,,
DefinedBenefitPlanAmortizationOfPriorServiceCostCredit,,0.000,,,,,,,,,,,,,,,,,
DefinedBenefitPlanContributionsByEmployer,,21000.000,21000.000,,22000.000,23000.000,24000.000,544000.000,67000.000,39000.000,39000.000,39000.000,,,,,,,
DefinedBenefitPlanExpectedReturnOnPlanAssets,,406000.000,406000.000,,315000.000,315000.000,315000.000,315000.000,219000.000,252000.000,259000.000,146000.000,219000.000,219000.000,219000.000,,,,
DefinedBenefitPlanFutureAmortizationOfGainLoss,,,,,,,,,,-319000.000,-355000.000,,,,,,,,
DefinedBenefitPlanInterestCost,,536000.000,536000.000,,521000.000,521000.000,521000.000,522000.000,387000.000,531000.000,562000.000,139000.000,446000.000,446000.000,446000.000,,,,
DefinedBenefitPlanNetPeriodicBenefitCost,,279000.000,279000.000,,500000.000,500000.000,500000.000,3564000.000,383000.000,864000.000,968000.000,-743000.000,303000.000,303000.000,303000.000,,,,
DefinedBenefitPlanServiceCost,,77000.000,77000.000,,84000.000,84000.000,84000.000,83000.000,61000.000,266000.000,310000.000,-515000.000,,,,,,,
Depreciation,5855000.000,,,,7195000.000,,,,6509000.000,,,,19994000.000,,,,19884000.000,,
DerivativeInstrumentsGainLossRecognizedInOtherComprehensiveIncomeEffectivePortionNet,,,,,,,,,,,,,,-4864000.000,2107000.000,,-4944000.000,-1057000.000,-12504000.000
DividendsCommonStock,,,,,0.000,,,,,,,,,,,,,,
EarlyRepaymentOfSeniorDebt,,,,,,,,,,15800000.000,,,,,,,,,
EarningsPerShareBasic,0.090,0.140,0.110,-0.490,0.050,0.130,0.160,0.130,-0.130,-0.370,0.130,0.000,0.290,0.270,0.380,1.330,0.130,0.110,0.180
EarningsPerShareDiluted,0.090,0.130,0.110,-0.480,0.050,0.130,0.150,0.130,-0.130,-0.370,0.130,0.000,0.280,0.260,0.370,1.300,0.130,0.110,0.180
EffectiveIncomeTaxRateContinuingOperations,,0.269,,,0.332,0.335,0.143,-0.529,0.050,0.495,3.751,-4.789,-1.170,0.401,0.449,-0.048,0.212,0.458,0.335
ExcessTaxBenefitFromShareBasedCompensationFinancingActivities,3700000.000,,,,1654000.000,,,,4659000.000,,,,10457000.000,,,,16437000.000,,
ExcessTaxBenefitFromShareBasedCompensationOperatingActivities,3700000.000,,,,1654000.000,,,,4659000.000,,,,10457000.000,,,,16437000.000,,
ForeignCurrencyTransactionGainLossBeforeTax,-888000.000,-79000.000,841000.000,706000.000,-808000.000,-540000.000,431000.000,131000.000,-821000.000,-206000.000,3752000.000,777000.000,679000.000,-1332000.000,-3107000.000,1123000.000,-20000.000,6659000.000,-10843000.000
GainLossOnInterestRateCashFlowHedgeIneffectiveness,,,,,,,,,,,0.000,,0.000,0.000,0.000,0.000,0.000,0.000,0.000
GainLossOnInvestments,423000.000,334000.000,-253000.000,-2074000.000,961000.000,-356000.000,878000.000,-79000.000,564000.000,728000.000,251000.000,-4241000.000,-1674000.000,,,,,,
GainLossOnSaleOfInvestments,,,,,,,,,,,,,-1674000.000,-3236000.000,-6368000.000,317000.000,-1709000.000,-1410000.000,-3446000.000
GainLossOnSaleOfOtherAssets,,,,,,,,,,,,,-412000.000,,,,,,
GainLossOnSaleOfPropertyPlantEquipment,-34000.000,,,,-3000.000,,,,4000.000,,,,,,,,-5877000.000,,
GainsLossesOnExtinguishmentOfDebt,,,-19000.000,,,,,,,,,,,,,,,,
GoodwillAcquiredDuringPeriod,,,,,,,,,,,,,,,,,,78800000.000,
GoodwillOtherChanges,,,,,,,,,,,,,-253000.000,,,,2578000.000,,
GrossProfit,96946000.000,106898000.000,100124000.000,106545000.000,108908000.000,118526000.000,111952000.000,123191000.000,108526000.000,231077000.000,316992000.000,366153000.000,346774000.000,419412000.000,435734000.000,380576000.000,336556000.000,364361000.000,359333000.000
ImpairmentOfInvestments,,,,,,,,,0.000,,,,,,,,,,
IncomeLossFromContinuingOperationsBeforeIncomeTaxesMinorityInterestAndIncomeLossFromEquityMethodInvestments,11325000.000,22837000.000,15668000.000,-78341000.000,8685000.000,22562000.000,20846000.000,22203000.000,-13950000.000,-99591000.000,-10057000.000,27448000.000,18804000.000,65162000.000,99133000.000,56131000.000,24280000.000,27962000.000,35083000.000
IncomeTaxExpenseBenefit,-239000.000,6147000.000,1955000.000,-18712000.000,2886000.000,7561000.000,2982000.000,7408000.000,700000.000,-49314000.000,-28016000.000,29240000.000,-21996000.000,26138000.000,44507000.000,-136630000.000,5154000.000,12819000.000,11737000.000
IncomeTaxReconciliationTaxCreditsResearch,,,,,,,,,,,,,,,,,0.000,,
IncreaseDecreaseInAccountsPayableAndAccruedLiabilities,-7048000.000,,,,22398000.000,,,,28014000.000,,,,-41871000.000,,,,56688000.000,,
IncreaseDecreaseInAccountsReceivable,24043000.000,,,,31799000.000,,,,17655000.000,,,,87371000.000,,,,221582000.000,,
IncreaseDecreaseInIncomeTaxesPayableNetOfIncomeTaxesReceivable,,,,,6365000.000,,,,3808000.000,,,,,,,,,,
IncreaseDecreaseInInventories,4024000.000,,,,-7243000.000,,,,-7318000.000,,,,-44071000.000,,,,-28786000.000,,
IncreaseDecreaseInOtherOperatingCapitalNet,,,,,,,,,,,,,,,,,-2904000.000,,
IncreaseDecreaseInOtherReceivables,-534000.000,,,,-3693000.000,,,,3889000.000,,,,7254000.000,,,,6995000.000,,
IncreaseDecreaseInPrepaidDeferredExpenseAndOtherAssets,-6031000.000,,,,-4048000.000,,,,-1543000.000,,,,-5870000.000,,,,6405000.000,,
InterestExpense,4225000.000,4180000.000,4277000.000,4257000.000,4350000.000,4422000.000,4479000.000,4546000.000,4631000.000,18612000.000,25188000.000,19457000.000,16598000.000,18225000.000,14217000.000,13861000.000,13367000.000,28454000.000,14749000.000
InterestExpenseDebt,,1185000.000,1175000.000,,1160000.000,1160000.000,1160000.000,1161000.000,1160000.000,1160000.000,1160000.000,,,,,,,,
InvestmentIncomeInterest,778000.000,886000.000,775000.000,715000.000,755000.000,729000.000,764000.000,994000.000,838000.000,640000.000,832000.000,626000.000,583000.000,701000.000,653000.000,653000.000,721000.000,558000.000,513000.000
LineOfCreditFacilityCommitmentFeePercentage,,,,,,,,,,,,,0.020,,,,0.018,,
LineOfCreditFacilityUnusedCapacityCommitmentFeePercentage,,,,,,,,,,,,,0.004,,,,0.004,,
NetCashProvidedByUsedInFinancingActivities,8818000.000,,,,-28969000.000,,,,3316000.000,,,,-5752000.000,,,,15244000.000,,
NetCashProvidedByUsedInFinancingActivitiesContinuingOperations,8818000.000,,,,-28969000.000,,,,3316000.000,,,,-5752000.000,,,,15244000.000,,
NetCashProvidedByUsedInInvestingActivities,379000.000,,,,-26371000.000,,,,238475000.000,,,,-30827000.000,,,,-18289000.000,,
NetCashProvidedByUsedInInvestingActivitiesContinuingOperations,379000.000,,,,-26371000.000,,,,238475000.000,,,,-30827000.000,,,,-18289000.000,,
NetCashProvidedByUsedInOperatingActivities,-3571000.000,,,,35273000.000,,,,50057000.000,,,,34848000.000,,,,-63263000.000,,
NetCashProvidedByUsedInOperatingActivitiesContinuingOperations,-3571000.000,,,,35273000.000,,,,50057000.000,,,,34848000.000,,,,-63263000.000,,
NetIncomeLoss,11564000.000,16690000.000,13713000.000,-59629000.000,5799000.000,15001000.000,17864000.000,14795000.000,-14650000.000,-50277000.000,17959000.000,-1792000.000,40800000.000,39024000.000,54626000.000,192761000.000,19126000.000,16758000.000,26257000.000
NetIncomeLossAttributableToNoncontrollingInterest,,,,,,,,,,,,,,,,,,-1615000.000,-2911000.000
OperatingExpenses,81822000.000,81441000.000,81673000.000,180185000.000,97217000.000,91601000.000,88829000.000,97659000.000,99010000.000,320953000.000,305020000.000,315778000.000,308788000.000,327736000.000,313625000.000,291013000.000,290838000.000,312818000.000,298552000.000
OperatingIncomeLoss,15124000.000,25457000.000,18451000.000,-73640000.000,11691000.000,26925000.000,23123000.000,25532000.000,9516000.000,-89876000.000,11972000.000,50375000.000,37986000.000,91676000.000,122109000.000,89563000.000,45718000.000,51543000.000,60781000.000
OtherComprehensiveIncomeAvailableForSaleSecuritiesAdjustmentBeforeTaxPeriodIncreaseDecrease,,,,,-100000.000,,,,,,,,,,,,,,
OtherComprehensiveIncomeDefinedBenefitPlansAdjustmentNetOfTaxPortionAttributableToParent,,,,,,,,,,,,,,,,,-105000.000,22000.000,3000.000
OtherComprehensiveIncomeLossAvailableForSaleSecuritiesAdjustmentNetOfTax,,,,,,,,,300000.000,,,,27000.000,,,,9000.000,28000.000,-158000.000
OtherComprehensiveIncomeLossBeforeReclassificationsNetOfTax,,,,,,,,,,,,,-474000.000,,,,-3192000.000,,
OtherComprehensiveIncomeLossDerivativesQualifyingAsHedgesNetOfTax,,,,,,,,,,,,,,,,,-1974000.000,507000.000,-6681000.000
OtherComprehensiveIncomeLossForeignCurrencyTransactionAndTranslationAdjustmentNetOfTax,,,,,,,,,,487000.000,-331000.000,,-76000.000,207000.000,-285000.000,-560000.000,-59000.000,-212000.000,-729000.000
OtherComprehensiveIncomeLossNetOfTax,,,,,,,,,48000.000,,,,-474000.000,,,,-1919000.000,301000.000,-7571000.000
OtherComprehensiveIncomeLossReclassificationAdjustmentFromAOCIForSaleOfSecuritiesNetOfTax,,,,,,,,,,,,,,,,,0.000,0.000,14000.000
OtherComprehensiveIncomeLossReclassificationAdjustmentFromAOCIForSaleOfSecuritiesTax,,,,,,,,,,,,,,,,,,,8000.000
OtherComprehensiveIncomeLossReclassificationAdjustmentFromAOCIOnDerivativesNetOfTax,,,,,,,,,,,,,,,,,-1168000.000,-1191000.000,-1202000.000
OtherComprehensiveIncomeLossReclassificationAdjustmentFromAOCIOnDerivativesTax,,,,,,,,,,,,,,,,,670000.000,650000.000,704000.000
OtherComprehensiveIncomeUnrealizedGainLossOnDerivativesArisingDuringPeriodNetOfTax,,,,,,,,,,,-4277000.000,,-119000.000,-1843000.000,2544000.000,-1207000.000,-3142000.000,-684000.000,-7883000.000
OtherComprehensiveIncomeUnrealizedGainLossOnDerivativesArisingDuringPeriodTax,,,,,,,,,,,-2450000.000,,44000.000,-1176000.000,1468000.000,-701000.000,-1802000.000,-373000.000,-4621000.000
OtherComprehensiveIncomeUnrealizedHoldingGainLossOnSecuritiesArisingDuringPeriodNetOfTax,,286000.000,-1504000.000,,416000.000,62000.000,-137000.000,132000.000,48000.000,-273000.000,104000.000,221000.000,-279000.000,123000.000,-227000.000,102000.000,9000.000,28000.000,-144000.000
OtherComprehensiveIncomeUnrealizedHoldingGainLossOnSecuritiesArisingDuringPeriodTax,,,,,227000.000,44000.000,20000.000,-47000.000,34000.000,-137000.000,30000.000,44000.000,102000.000,12000.000,-131000.000,-145000.000,4000.000,17000.000,-84000.000
OtherNonoperatingExpense,,,,,,,,,19300000.000,6200000.000,,,,,,,,,
OtherNonoperatingIncomeExpense,113000.000,419000.000,150000.000,209000.000,436000.000,226000.000,129000.000,171000.000,-19416000.000,7735000.000,-1676000.000,-632000.000,-2172000.000,-4422000.000,63000.000,-21664000.000,-7063000.000,-934000.000,2827000.000
OtherNonrecurringIncomeExpense,,,,,,,,,,9715000.000,22029000.000,,19182000.000,26514000.000,22976000.000,33432000.000,21438000.000,934000.000,-2827000.000
OtherThanTemporaryImpairmentCreditLossesRecognizedInEarningsPeriodIncreaseDecrease,,,,,,,,,,,,,,,4000000.000,,,200000.000,
PaymentsForRepurchaseOfCommonStock,,,,,26315000.000,,,,,,,,,,,,24999000.000,,
PaymentsForRestructuring,,,,,,,,,,,,,2031000.000,,,,,,
PaymentsOfDebtIssuanceCosts,,,,,7800000.000,,,,7800000.000,,,,,,,,,,
PaymentsRelatedToTaxWithholdingForShareBasedCompensation,,,,,8033000.000,,,,11992000.000,,,,6239000.000,,,,21194000.000,,
PaymentsToAcquireEquityMethodInvestments,,,,,,,,,,,,,7900000.000,,,,,,
PaymentsToAcquireIntangibleAssets,,,,,,,,,,,,,,,,,34340000.000,,
PaymentsToAcquireMarketableSecurities,99361000.000,,,,77766000.000,,,,,,,,29095000.000,,,,11063000.000,,
PaymentsToAcquirePropertyPlantAndEquipment,6251000.000,,,,3762000.000,,,,6289000.000,,,,12924000.000,,,,10919000.000,,
ProceedsFromIssuanceOfCommonStock,13363000.000,,,,3725000.000,,,,10649000.000,,,,3780000.000,,,,21000.000,,
ProceedsFromSaleAndMaturityOfMarketableSecurities,105949000.000,,,,51908000.000,,,,244711000.000,,,,11175000.000,,,,10169000.000,,
ProceedsFromSaleOfOtherProductiveAssets,,,,,3249000.000,,,,,,,,,,,,,,
ProceedsFromSaleOfPropertyHeldForSale,,,,,,,,,,,,,,2900000.000,,,,,
ProceedsFromSaleOfPropertyPlantAndEquipment,42000.000,,,,,,,,53000.000,,,,17000.000,,,,,,
ProductWarrantyExpense,,,,,,,,,,,,,,,,,,,5100000.000
ProfitLoss,,,,,,,,,,,,,,,,,,15143000.000,23346000.000
ProvisionForDoubtfulAccounts,,,,,54000.000,,,,,,,,,,,,267000.000,,
ReclassificationFromAccumulatedOtherComprehensiveIncomeCurrentPeriodNetOfTax,,,,,,,,,,,,,,,,,-1273000.000,,
RelatedPartyTransactionAmountsOfTransaction,,,,,,,,,,,,,15400000.000,,,,,,
RepaymentsOfLongTermDebtAndCapitalSecurities,,,,,,,,,,,,,13750000.000,,,,13750000.000,,
ResearchAndDevelopmentExpense,36040000.000,36629000.000,36065000.000,37785000.000,44147000.000,42881000.000,42978000.000,40700000.000,44082000.000,123400000.000,128579000.000,129764000.000,134153000.000,144121000.000,142802000.000,135499000.000,132469000.000,136260000.000,132204000.000
RestrictedStockSharesIssuedNetOfSharesForTaxWithholdings,,,,,722098.000,,,,,,,,,,,,,,
RestructuringCharges,,,969000.000,,5203000.000,1039000.000,213000.000,306000.000,9000.000,32257000.000,6057000.000,-747000.000,-379000.000,,,,,,
Revenues,267436000.000,265799000.000,274374000.000,281076000.000,75376000.000,91573000.000,78718000.000,87936000.000,112267000.000,342101000.000,336385000.000,372977000.000,1225017000.000,1429071000.000,1405445000.000,1263388000.000,1215158000.000,1260077000.000,1221416000.000
SaleLeasebackTransactionNetProceedsFinancingActivities,,,,,,,,,,,,,,,,,58729000.000,,
SaleLeasebackTransactionNetProceedsInvestingActivities,,,,,,,,,,,,,,,,,24960000.000,,
SalesRevenueGoodsNet,234946000.000,228635000.000,238590000.000,242167000.000,265270000.000,303752000.000,313924000.000,298661000.000,314677000.000,,,,,,,,,,
SalesRevenueNet,267436000.000,265799000.000,274374000.000,281076000.000,302901000.000,349327000.000,357432000.000,344003000.000,353650000.000,1000362000.000,1067823000.000,1199067000.000,1225017000.000,1429071000.000,1405445000.000,1263388000.000,1215158000.000,1260077000.000,1221416000.000
SalesRevenueServicesNet,32490000.000,37164000.000,35784000.000,38909000.000,37631000.000,45575000.000,43508000.000,45342000.000,38973000.000,,,,,,,,,,
SellingGeneralAndAdministrativeExpense,36838000.000,35868000.000,35695000.000,40354000.000,39544000.000,40135000.000,37866000.000,43793000.000,40126000.000,87774000.000,99557000.000,110795000.000,99132000.000,112362000.000,103497000.000,95577000.000,100324000.000,107209000.000,101685000.000
SeveranceCosts,,,1000000.000,,,,,,,,,,,,,,,,
ShareBasedCompensation,5284000.000,,,,6649000.000,,,,6744000.000,,,,11033000.000,,,,13974000.000,,
StandardProductWarrantyAccrualPayments,,,,,960000.000,,,,903000.000,,,,10800000.000,,,,14121000.000,,
StandardProductWarrantyAccrualWarrantiesIssued,,,,,636000.000,,,,788000.000,,,,9637000.000,,,,4851000.000,,
StockIssuedDuringPeriodSharesShareBasedCompensation,,,,,,,,,,,,,1200000.000,,,,800000.000,,
StockIssuedDuringPeriodSharesStockOptionsExercised,,,,,,,,,1200000.000,,,,,,,,,,
StockRepurchaseProgramRemainingAuthorizedRepurchaseAmount,,,,,45200000.000,,,,,,,,,,,,,,
StockRepurchasedDuringPeriodShares,,,1600000.000,,2300000.000,1400000.000,800000.000,0.000,,,,,,,,,900000.000,,
StockRepurchasedDuringPeriodValue,,,17100000.000,,26300000.000,15200000.000,10400000.000,21000.000,,,,,,,,,25000000.000,,
TreasuryStockAcquiredAverageCostPerShare,,,10.500,,11.320,11.210,12.760,-23.740,,,,,,,,,28.700,,
WeightedAverageNumberDilutedSharesOutstandingAdjustment,,1911000.000,1954000.000,,2522000.000,1269000.000,2637000.000,-4075000.000,,,2127000.000,,4298000.000,3648000.000,3786000.000,-7838000.000,3636000.000,2983000.000,2641000.000
WeightedAverageNumberOfDilutedSharesOutstanding,125732000.000,123711000.000,121237000.000,-250523000.000,117597000.000,115111000.000,116346000.000,-232540000.000,115150000.000,134626000.000,140605000.000,-258401000.000,147152000.000,148063000.000,148753000.000,-295688000.000,148986000.000,149276000.000,149422000.000
WeightedAverageNumberOfSharesOutstandingBasic,122297000.000,121800000.000,119283000.000,-243223000.000,115075000.000,113842000.000,113709000.000,-228465000.000,115150000.000,134626000.000,138478000.000,-256274000.000,142854000.000,144415000.000,144967000.000,-287850000.000,145350000.000,146293000.000,146781000.000
