,2011-01-31,2011-07-31,2011-10-31,2012-01-31,2012-04-30,2012-07-31,2012-10-31,2013-01-31,2013-04-30,2013-07-31,2013-10-31,2014-01-31,2014-04-30,2014-07-31,2014-10-31,2015-01-31,2015-04-30,2015-07-31,2015-10-31,2016-01-31,2016-04-30,2016-07-31,2016-10-31,2017-01-31,2017-04-30
AcceleratedShareRepurchasesFinalPricePaidPerShare,,,,,,,,,,,,,,,,,,,,,,23.840,,,
AdjustmentForAmortization,,,,,,,,,,,,,,11200000.000,13200000.000,16700000.000,17400000.000,16600000.000,17900000.000,20200000.000,18100000.000,18000000.000,20100000.000,19300000.000,21500000.000
AllocatedShareBasedCompensationExpense,,,,,,2400000.000,5400000.000,3700000.000,3800000.000,4600000.000,6200000.000,4700000.000,4600000.000,7500000.000,7100000.000,6100000.000,5400000.000,6000000.000,7900000.000,7200000.000,2400000.000,5500000.000,6900000.000,4500000.000,2400000.000
AllowanceForDoubtfulAccountsReceivableChargeOffs,,,,,,-1409000.000,,,,,,,,,,,,,,,,,,,
AllowanceForLoanAndLeaseLossRecoveryOfBadDebts,,,,,,,,,,,,,,679000.000,,,,365000.000,,,,370000.000,,,
AllowanceForLoanAndLeaseLossesProvisionForLossGross,,,,,,4000000.000,,,,7603000.000,,,,,,,,,,,,,,,
AllowanceForLoanAndLeaseLossesRecoveriesOfBadDebts,,-49000.000,,,,-1186000.000,,,,767000.000,,,,,,,,,,,,,,,
AllowanceForLoanAndLeaseLossesWriteOffs,,6458000.000,,,,9541000.000,,,,7170000.000,,,,2115000.000,,,,564000.000,,,,578000.000,,,
AmortizationOfIntangibleAssets,7400000.000,7700000.000,5400000.000,4700000.000,2000000.000,4200000.000,5500000.000,4600000.000,9900000.000,6100000.000,6500000.000,8800000.000,945000.000,8601000.000,10500000.000,14110000.000,14732000.000,13010000.000,13991000.000,16508000.000,14182000.000,13815000.000,15839000.000,15332000.000,17393000.000
AntidilutiveSecuritiesExcludedFromComputationOfEarningsPerShareAmount,12600000.000,14500000.000,13000000.000,9600000.000,-28200000.000,9200000.000,8900000.000,7700000.000,-22500000.000,6300000.000,,,,5500000.000,,,,5000000.000,,,,4700000.000,,,
CashAndCashEquivalentsPeriodIncreaseDecrease,,-665135000.000,,,,-1004463000.000,,,,-583708000.000,,,,-755818000.000,,,,-707808000.000,,,,-589930000.000,,,
CommonStockDividendsPerShareCashPaid,0.150,0.150,0.150,0.200,0.200,0.200,0.200,0.200,0.200,0.200,0.200,0.200,0.200,0.200,0.200,0.200,0.200,0.200,0.200,0.200,0.200,0.220,0.220,0.220,0.220
ComprehensiveIncomeNetOfTax,-7974000.000,-173639000.000,-150057000.000,-299000.000,590839000.000,-112236000.000,-103908000.000,-17338000.000,665835000.000,-125994000.000,-103223000.000,-220950000.000,919951000.000,-115926000.000,-110904000.000,-44788000.000,741844000.000,-109633000.000,-152981000.000,-86370000.000,710278000.000,-127244000.000,-148538000.000,-102755000.000,783416000.000
CostOfRevenue,635163000.000,357000000.000,227613000.000,455240000.000,661842000.000,193424000.000,212011000.000,377618000.000,821735000.000,210053000.000,220864000.000,363537000.000,833202000.000,211521000.000,221697000.000,394678000.000,802594000.000,213508000.000,226401000.000,392513000.000,853130000.000,211086000.000,225702000.000,388777000.000,818812000.000
CostsAndExpenses,870962000.000,564863000.000,335625000.000,666976000.000,760015000.000,268902000.000,302338000.000,564615000.000,1073402000.000,306750000.000,314956000.000,537985000.000,1101393000.000,308721000.000,319076000.000,584225000.000,1071970000.000,311700000.000,362248000.000,594385000.000,1136628000.000,309909000.000,339354000.000,576674000.000,1094393000.000
DeferredRevenueAdditions,,553000.000,,,,573000.000,,,,737000.000,,,,873000.000,,,,920000.000,,,,978000.000,,,
DeferredRevenueRevenueRecognized,,-27181000.000,,,,26983000.000,,,,27826000.000,,,,24253000.000,,,,27703000.000,,,,31650000.000,,,
Depreciation,,,,,,,,,,,,,,25085000.000,28429000.000,29181000.000,29166000.000,27084000.000,28358000.000,28795000.000,31670000.000,27467000.000,29911000.000,29828000.000,32583000.000
DepreciationAndAmortization,,21048000.000,16652000.000,17770000.000,13840000.000,16305000.000,17927000.000,20067000.000,13893000.000,16804000.000,20144000.000,23054000.000,,,,,,,,,,,,,
DiscontinuedOperationAmountOfAdjustmentToPriorPeriodGainLossOnDisposalBeforeIncomeTax,,,24100000.000,,,,,,,,,,,,,,,,,,,,,,
DiscontinuedOperationGainLossFromDisposalOfDiscontinuedOperationBeforeIncomeTax,,,-22949000.000,-26268000.000,,-2935000.000,-6632000.000,-1276000.000,-40029000.000,-3126000.000,-3146000.000,-3124000.000,,,,,,,,,,,,,
DiscontinuedOperationIncomeLossFromDiscontinuedOperationBeforeIncomeTax,,,,-19806000.000,,-1791000.000,-4044000.000,-793000.000,-24582000.000,,,,,,,,,,,,,,,,
DiscontinuedOperationTaxEffectOfDiscontinuedOperation,,,,,,,,,,,,,,,,,,,,,,1557000.000,1644000.000,1919000.000,
DiscontinuedOperationTaxEffectOfIncomeLossFromDisposalOfDiscontinuedOperation,,,,-20260000.000,,,,,,,,,,,,,,,,,,,,,
DisposalGroupIncludingDiscontinuedOperationGrossProfitLoss,,,-22949000.000,-236000.000,,,,,,,,,,,,,,,,,,,,,
DisposalGroupIncludingDiscontinuedOperationOperatingIncomeLoss,,,-18711000.000,218000.000,,-1791000.000,-4044000.000,-793000.000,,,,,,,,,,,,,,,,,
DisposalGroupIncludingDiscontinuedOperationRevenue,,,199042000.000,50508000.000,,,,,,0.000,0.000,0.000,,,,,,,,,,,,,
DisposalGroupNotDiscontinuedOperationGainLossOnDisposal,,,,20024000.000,,,,,,,,,,,,,,,,,,,,,
EarningsPerShareBasic,-0.040,,,,,,,,,-0.420,-0.390,-0.780,3.320,-0.420,-0.410,-0.130,2.680,-0.360,-0.550,-0.350,2.760,-0.560,-0.680,-0.500,3.660
EarningsPerShareBasicAndDiluted,,-0.570,-0.470,-0.010,,-0.390,-0.390,-0.070,,,,,,,,,,,,,,,,,
EarningsPerShareDiluted,-0.040,,,,,,,,,,,,,,,,,,,,,,,,
EffectOfExchangeRateOnCashAndCashEquivalents,,962000.000,,,,-1498000.000,,,,-6621000.000,,,,510000.000,,,,-10907000.000,,,,-2367000.000,,,
EffectiveIncomeTaxRateContinuingOperations,,,,,,,,,,0.386,,,,,,,,0.484,,,,0.405,,,
FutureAmortizationExpenseRemainderOfFiscalYear,,27100000.000,,,,,,,,,,,,,,,,,,,,,,,
FutureAmortizationExpenseYearFive,15700000.000,,,,,,,,,,,,,,,,,,,,,,,,
FutureAmortizationExpenseYearFour,21100000.000,13000000.000,,,,,,,,,,,,,,,,,,,,,,,
FutureAmortizationExpenseYearOne,30700000.000,22700000.000,,,,,,,,,,,,,,,,,,,,,,,
FutureAmortizationExpenseYearThree,24700000.000,14400000.000,,,,,,,,,,,,,,,,,,,,,,,
FutureAmortizationExpenseYearTwo,29100000.000,19200000.000,,,,,,,,,,,,,,,,,,,,,,,
GainsLossesOnExtinguishmentOfDebt,,,,,,,,-5800000.000,,,,,,,,,,,,,,,,,
GeneralAndAdministrativeExpense,,,,,,,,,,,,,,19490000.000,20013000.000,27488000.000,26359000.000,21982000.000,47298000.000,28003000.000,37895000.000,19925000.000,27519000.000,30056000.000,35412000.000
GoodwillAcquiredDuringPeriod,,3512000.000,,,,,,,,2155000.000,,,,42274000.000,,,,14030000.000,,,,23000.000,,,
GoodwillImpairmentLoss,,99697000.000,4257000.000,,,,,,,0.000,,,,0.000,,,,0.000,,,,0.000,,,
ImpairedFinancingReceivableAverageRecordedInvestment,,266627000.000,,,,174396000.000,,,,155615000.000,,,,126373000.000,,,,,,,,,,,
ImpairedFinancingReceivableInterestIncomeAccrualMethod,,1675000.000,,,,1093000.000,,,,921000.000,,,,,,,,,,,,,,,
ImpairedFinancingReceivableInterestIncomeCashBasisMethod,,1612000.000,,,,1067000.000,,,,893000.000,,,,,,,,,,,,,,,
IncomeLossFromContinuingOperationsBeforeIncomeTaxesMinorityInterestAndIncomeLossFromEquityMethodInvestments,-17449000.000,-293142000.000,-203929000.000,-1026000.000,1074167000.000,-169269000.000,-162288000.000,-96268000.000,1129836000.000,-184494000.000,-179362000.000,-347825000.000,1478797000.000,-175816000.000,-200573000.000,-90865000.000,1210059000.000,-187109000.000,-237719000.000,-146500000.000,1140807000.000,-203549000.000,-228469000.000,-150598000.000,1211903000.000
IncomeLossFromContinuingOperationsIncludingPortionAttributableToNoncontrollingInterest,-4375000.000,-173443000.000,-123013000.000,-3567000.000,645991000.000,-105650000.000,-101199000.000,-16915000.000,688922000.000,-113270000.000,-103015000.000,-212751000.000,929133000.000,-108851000.000,-113227000.000,-35311000.000,744133000.000,-96505000.000,-142518000.000,-78649000.000,701225000.000,-121026000.000,-143415000.000,-101212000.000,786570000.000
IncomeLossFromContinuingOperationsPerBasicAndDilutedShare,,-0.570,-0.410,-0.010,,-0.380,-0.370,-0.060,,,,,,,,,,,,,,,,,
IncomeLossFromContinuingOperationsPerBasicShare,-0.010,-0.570,-0.410,-0.010,2.150,-0.380,-0.370,-0.060,2.510,-0.420,-0.380,-0.780,3.400,-0.400,-0.410,-0.130,2.710,-0.350,-0.540,-0.340,2.770,-0.550,-0.670,-0.490,3.680
IncomeLossFromContinuingOperationsPerDilutedShare,-0.010,-0.570,-0.410,-0.010,2.150,-0.380,-0.370,-0.060,2.500,,,,,,,,,,,,,,,,
IncomeLossFromDiscontinuedOperationsNetOfTax,-8346000.000,-1655000.000,-18711000.000,218000.000,-59888000.000,-1791000.000,-4044000.000,-793000.000,-24582000.000,-1917000.000,-1928000.000,-1960000.000,-19135000.000,-7381000.000,1229000.000,-1637000.000,-5292000.000,-3154000.000,-2489000.000,-3080000.000,,-2647000.000,-2805000.000,-3302000.000,
IncomeLossFromDiscontinuedOperationsNetOfTaxPerBasicAndDilutedShare,,,-0.060,,,-0.010,-0.020,-0.010,,,,,,,,,,,,,,,,,
IncomeLossFromDiscontinuedOperationsNetOfTaxPerBasicShare,-0.030,,,,,,,,,0.000,-0.010,0.000,-0.080,-0.020,0.000,0.000,-0.030,-0.010,-0.010,-0.010,-0.010,-0.010,-0.010,-0.010,-0.020
IncomeLossFromDiscontinuedOperationsNetOfTaxPerDilutedShare,-0.030,,,,,,,,,,,,,,,,,,,,,,,,
IncomeTaxExpenseBenefit,-13074000.000,-119699000.000,-80916000.000,2541000.000,428176000.000,-63619000.000,-61089000.000,-79353000.000,440914000.000,-71224000.000,-76347000.000,-135074000.000,549664000.000,-66965000.000,-87346000.000,-55554000.000,465926000.000,-90604000.000,-95201000.000,-67851000.000,439582000.000,-82523000.000,-85054000.000,-49386000.000,425333000.000
IncomeTaxExpenseBenefitContinuingOperationsDiscontinuedOperationsExtraordinaryItems,,,-4238000.000,-6462000.000,,-1144000.000,-2588000.000,-483000.000,,,,,,,,,,,,,,,,,
IncomeTaxesPaidNet,,99357000.000,,,,19747000.000,,,,106467000.000,,,,88924000.000,,,,75358000.000,,,,61289000.000,,,
IncreaseDecreaseInDeposits,,-186245000.000,,,,-179519000.000,,,,-179364000.000,,,,-287609000.000,,,,-268532000.000,,,,0.000,,,
IncreaseDecreaseInDepositsOutstanding,,-186245000.000,,,,,,,,,,,,,,,,,,,,,,,
InterestExpense,25228000.000,23301000.000,22873000.000,23543000.000,22372000.000,22077000.000,23390000.000,19428000.000,15062000.000,14446000.000,14314000.000,14443000.000,14185000.000,13940000.000,13983000.000,9272000.000,8733000.000,8711000.000,,,,,,,
InterestExpenseDebt,,,,,,,,,,,,,,,13843000.000,9048000.000,,8575000.000,14181000.000,23573000.000,,21466000.000,22620000.000,25940000.000,
InterestIncomeOperating,56109000.000,10433000.000,9921000.000,39476000.000,39970000.000,9873000.000,9859000.000,38300000.000,40797000.000,11197000.000,10626000.000,37369000.000,38902000.000,9299000.000,9430000.000,39298000.000,34837000.000,8378000.000,,,,,,,
InterestPaid,,37634000.000,,,,13494000.000,,,,15883000.000,,,,15415000.000,,,,15381000.000,,,,15519000.000,,,
LitigationSettlementExpense,,9800000.000,,,,,,,,,,,,,,,,,,,,,,,
LossContingencyAccrualCarryingValuePayments,,,49800000.000,,,753000.000,,,,,,,,,,,,,,,,,,,
MarketableSecuritiesRealizedGainLoss,,,,,,,,,,,,,,,,,,,,,,0.000,0.000,0.000,
MarketingAndAdvertisingExpense,,,,,,,,,,,,,,8145000.000,12513000.000,87569000.000,165455000.000,8531000.000,12965000.000,93708000.000,182558000.000,7561000.000,12001000.000,84101000.000,157618000.000
MortgageLoansOnRealEstateCostOfMortgagesSold,,-3722000.000,,,,1801000.000,,,,1664000.000,,,,,,,,,,,,,,,
MortgageLoansOnRealEstateOtherAdditions,,1573000.000,,,,3074000.000,,,,2100000.000,,,,,,,,,,,,,,,
MortgageLoansOnRealEstateWriteDownOrReserveAmount,,-793000.000,,,,788000.000,,,,487000.000,,,,,,,,,,,,,,,
NetCashProvidedByUsedInFinancingActivities,,-257295000.000,,,,-623110000.000,,,,-229255000.000,,,,-348409000.000,,,,-350749000.000,,,,-116966000.000,,,
NetCashProvidedByUsedInFinancingActivitiesContinuingOperations,,-257295000.000,,,,-623110000.000,,,,-229255000.000,,,,-348409000.000,,,,-350749000.000,,,,-116966000.000,,,
NetCashProvidedByUsedInInvestingActivities,,-14253000.000,,,,-6715000.000,,,,-29090000.000,,,,-26334000.000,,,,32094000.000,,,,5078000.000,,,
NetCashProvidedByUsedInInvestingActivitiesContinuingOperations,,-14253000.000,,,,-6715000.000,,,,-29090000.000,,,,-26334000.000,,,,32094000.000,,,,5078000.000,,,
NetCashProvidedByUsedInOperatingActivities,,-394549000.000,,,,-373140000.000,,,,-318742000.000,,,,-381585000.000,,,,-378246000.000,,,,-475675000.000,,,
NetCashProvidedByUsedInOperatingActivitiesContinuingOperations,,-394549000.000,,,,-373140000.000,,,,-318742000.000,,,,-381585000.000,,,,-378246000.000,,,,-475675000.000,,,
NetIncomeLoss,-12721000.000,-175098000.000,-141724000.000,-3349000.000,586103000.000,-107441000.000,-105243000.000,-17708000.000,664340000.000,-115187000.000,-104943000.000,-214711000.000,909998000.000,-116232000.000,-111998000.000,-36948000.000,738841000.000,-99659000.000,-145007000.000,-81729000.000,700662000.000,-123673000.000,-146220000.000,-104514000.000,783352000.000
NetIncomeLossAvailableToCommonStockholdersBasic,-4523000.000,-173557000.000,-123075000.000,-3543000.000,645688000.000,-105723000.000,-101263000.000,-16977000.000,688579000.000,-113332000.000,-103107000.000,-212839000.000,928683000.000,-108940000.000,-113324000.000,-35416000.000,743650000.000,-96607000.000,-142620000.000,-78761000.000,700823000.000,-121150000.000,-143558000.000,-101355000.000,785975000.000
NonoperatingIncomeExpense,2031000.000,4087000.000,2502000.000,2670000.000,519000.000,3144000.000,2787000.000,-3632000.000,3026000.000,-4939000.000,1254000.000,-9610000.000,17200000.000,-681000.000,-2282000.000,,,,,,,,,,
OperatingIncomeLoss,-19480000.000,-297229000.000,-206431000.000,-3696000.000,1073648000.000,-172413000.000,-165075000.000,-92636000.000,1126810000.000,-179555000.000,-180616000.000,-338215000.000,1461597000.000,-175135000.000,,,,,,,,,,,
OtherComprehensiveIncomeForeignCurrencyTransactionAndTranslationAdjustmentNetOfTaxPeriodIncreaseDecrease,4101000.000,484000.000,-9238000.000,3341000.000,3227000.000,,,,,,,,,,,,,,,,,,,,
OtherComprehensiveIncomeLossAvailableForSaleSecuritiesAdjustmentNetOfTax,,,,,,,,,,,,,,-149000.000,,,,-1219000.000,,,,,,,
OtherComprehensiveIncomeLossBeforeReclassificationsBeforeTax,,,,,,,,,,,,,,-728000.000,,,,-10990000.000,,,,,,,
OtherComprehensiveIncomeLossBeforeReclassificationsNetOfTax,,,,,,,,,,,,,,-268000.000,,,,-10115000.000,,,,,,,
OtherComprehensiveIncomeLossBeforeReclassificationsTax,,,,,,,,,,,,,,,,,,-875000.000,,,,,,,
OtherComprehensiveIncomeLossForeignCurrencyTransactionAndTranslationAdjustmentNetOfTax,,,,,,-4965000.000,1252000.000,975000.000,978000.000,-3092000.000,582000.000,-3313000.000,2348000.000,455000.000,-3810000.000,-9987000.000,3219000.000,-8755000.000,-700000.000,-4628000.000,9622000.000,-3560000.000,-2318000.000,1762000.000,66000.000
OtherComprehensiveIncomeLossForeignCurrencyTransactionAndTranslationReclassificationAdjustmentFromAOCIRealizedUponSaleOrLiquidationBeforeTax,,,,,,,,,,,,,,0.000,,,,0.000,,,,,,,
OtherComprehensiveIncomeLossForeignCurrencyTransactionAndTranslationReclassificationAdjustmentFromAOCIRealizedUponSaleOrLiquidationNetOfTax,,,,,,,,,,,,,,0.000,,,,0.000,,,,,,,
OtherComprehensiveIncomeLossForeignCurrencyTransactionAndTranslationReclassificationAdjustmentFromAOCIRealizedUponSaleOrLiquidationTax,,,,,,,,,,,,,,0.000,,,,0.000,,,,,,,
OtherComprehensiveIncomeLossNetOfTax,,,,,,,,,,,,,,306000.000,,,,-9974000.000,,,,,,,
OtherComprehensiveIncomeLossReclassificationAdjustmentForSaleOfSecuritiesIncludedInNetIncomeNetOfTax,,,,,,,-104000.000,,,0.000,0.000,,,,,,,,,,,,,,
OtherComprehensiveIncomeLossReclassificationAdjustmentForSaleOfSecuritiesIncludedInNetIncomeTax,,,,,,,71000.000,,,0.000,0.000,,,,,,,,,,,,,,
OtherComprehensiveIncomeLossReclassificationAdjustmentFromAOCIForSaleOfSecuritiesBeforeTax,,,,,,,,,,,,,,941000.000,,,,230000.000,,,,,,,
OtherComprehensiveIncomeLossReclassificationAdjustmentFromAOCIForSaleOfSecuritiesNetOfTax,,,,,,,,,,,,0.000,,-574000.000,589000.000,0.000,-56000.000,-141000.000,5124000.000,0.000,-1000.000,0.000,0.000,0.000,0.000
OtherComprehensiveIncomeLossReclassificationAdjustmentFromAOCIForSaleOfSecuritiesTax,,,,,,,,,,,,0.000,,367000.000,,,,89000.000,,,,,,,
OtherComprehensiveIncomeOtherNetOfTax,,,,,,-4795000.000,1335000.000,370000.000,1495000.000,-10807000.000,1720000.000,-6239000.000,,306000.000,1094000.000,-7840000.000,,-9974000.000,-7974000.000,-4641000.000,,-3571000.000,-2318000.000,1759000.000,
OtherComprehensiveIncomeUnrealizedHoldingGainLossOnSecuritiesArisingDuringPeriodNetOfTax,646000.000,975000.000,905000.000,-291000.000,1603000.000,170000.000,187000.000,-605000.000,517000.000,-7715000.000,1138000.000,-2926000.000,11310000.000,-723000.000,5493000.000,2147000.000,-272000.000,-1360000.000,-2150000.000,-13000.000,-7000.000,-11000.000,0.000,-3000.000,-2000.000
OtherComprehensiveIncomeUnrealizedHoldingGainLossOnSecuritiesArisingDuringPeriodTax,,,,-199000.000,,152000.000,131000.000,-405000.000,351000.000,-5065000.000,728000.000,-1869000.000,,-4564000.000,766000.000,-1016000.000,,-1889000.000,-1420000.000,-1776000.000,,-5000.000,0.000,2000.000,-6000.000
OtherCostOfOperatingRevenue,,49528000.000,31899000.000,60491000.000,96248000.000,30861000.000,29807000.000,50304000.000,131209000.000,42264000.000,40673000.000,45403000.000,89257000.000,32971000.000,35876000.000,47255000.000,96430000.000,38775000.000,39116000.000,49868000.000,116171000.000,35422000.000,39127000.000,61492000.000,112473000.000
OtherNonoperatingExpense,,,,,,,,,,,,,,,,6666000.000,,4985000.000,210000.000,6140000.000,1117000.000,327000.000,7000.000,-304000.000,
OtherNonoperatingIncome,,,,,,,,,,,,,,,,,,433000.000,10505000.000,3055000.000,3708000.000,2968000.000,2180000.000,-170000.000,
OtherSalesRevenueNet,118078000.000,16638000.000,9290000.000,99564000.000,234172000.000,6720000.000,10966000.000,71485000.000,274943000.000,8198000.000,11282000.000,23788000.000,312660000.000,8814000.000,9756000.000,63335000.000,252832000.000,10906000.000,14995000.000,85041000.000,273275000.000,12801000.000,12392000.000,90485000.000,272287000.000
OtherThanTemporaryImpairmentLossesInvestmentsAvailableforsaleSecurities,,,0.000,0.000,,,,,,,,,,,,,,,,,,,,,
PaymentsForProceedsFromLoansReceivable,,-11192000.000,,,,-12652000.000,,,,-11707000.000,,,,-6250000.000,,,,-8537000.000,,,,-8427000.000,,,
PaymentsForProceedsFromOtherInvestingActivities,,-18167000.000,,,,-25776000.000,,,,-6179000.000,,,,-4130000.000,,,,-3562000.000,,,,-220000.000,,,
PaymentsOfDividends,,45894000.000,,,,54201000.000,,,,54550000.000,,,,54852000.000,,,,55063000.000,,,,48514000.000,,,
PaymentsToAcquireAvailableForSaleSecurities,,39275000.000,,,,28990000.000,,,,45158000.000,,,,100000.000,,,,,,,,,,,
PaymentsToAcquireBusinessesNetOfCashAcquired,,3457000.000,,,,2972000.000,,,,,,,,40533000.000,,,,12271000.000,,,,1635000.000,,,
PaymentsToAcquirePropertyPlantAndEquipment,,10953000.000,,,,13273000.000,,,,34386000.000,,,,25841000.000,,,,8689000.000,,,,6246000.000,,,
PremiumsReceivableAllowanceForDoubtfulAccountsProvisionChargedToExpense,,2905000.000,,,,,,,,3059000.000,,,,,,,,,,,,,,,
PremiumsReceivableAllowanceForDoubtfulAccountsProvisionChargedToExpense1,,,,,,,,,,,,,,2842000.000,,,,713000.000,,,,1417000.000,,,
PremiumsReceivableAllowanceForDoubtfulAccountsRecoveries,,51000.000,,,,,,,,,,,,,,,,,,,,,,,
PremiumsReceivableAllowanceForDoubtfulAccountsWriteOffsAgainstAllowance,,-2840000.000,,,,,,,,3884000.000,,,,4020000.000,,,,1469000.000,,,,2047000.000,,,
ProceedsFromDivestitureOfBusinessesNetOfCashDivested,,21230000.000,,,,,,,,,,,,,,,,,,,,,,,
ProceedsFromPaymentsForOtherFinancingActivities,,-24916000.000,,,,-19939000.000,,,,-13093000.000,,,,-19316000.000,,,,-22413000.000,,,,-24779000.000,,,
ProceedsFromSaleAndCollectionOfLoansHeldforsale,,,,,,,,,,,,,,,,,,,,,,,,188200000.000,
ProceedsFromSaleAndMaturityOfAvailableForSaleSecurities,,,,,,,,,,,,,,,,,,32103000.000,,,,58000.000,,,
ProceedsFromStockOptionsExercised,,1762000.000,,,,468000.000,,,,21953000.000,,,,13368000.000,,,,13015000.000,,,,1639000.000,,,
ProvisionForDoubtfulAccounts,,,,,,297000.000,,,,,,,,,,,,,,,,,,,
ProvisionForLoanAndLeaseLosses,,5625000.000,,,,,,,,,,,,725000.000,,,,-28000.000,,,,0.000,,,
RepaymentsOfLongTermDebt,,,,,,30831000.000,,,,0.000,,,,,,,,,,,,,,,
Revenues,851482000.000,267634000.000,129194000.000,663280000.000,1833663000.000,96489000.000,137263000.000,471979000.000,2200212000.000,127195000.000,134340000.000,199770000.000,2562990000.000,133586000.000,134628000.000,509074000.000,2301370000.000,137718000.000,128415000.000,474543000.000,2297477000.000,125185000.000,131332000.000,451882000.000,2327915000.000
SalariesAndWages,,160255000.000,61438000.000,207480000.000,399600000.000,39585000.000,54764000.000,160081000.000,514731000.000,46312000.000,60526000.000,160830000.000,548955000.000,51855000.000,69381000.000,186656000.000,544588000.000,55789000.000,62694000.000,181915000.000,544799000.000,52355000.000,57728000.000,165015000.000,533142000.000
SalariesWagesAndOfficersCompensation,,,,,,,,,,,,,,60964000.000,54353000.000,60380000.000,62830000.000,54669000.000,61593000.000,63653000.000,48863000.000,57522000.000,58293000.000,58408000.000,65158000.000
SalesRevenueNet,851482000.000,267634000.000,129194000.000,663280000.000,1833663000.000,96489000.000,137263000.000,471979000.000,2200212000.000,127195000.000,134340000.000,199770000.000,2562990000.000,133586000.000,134628000.000,509074000.000,2301370000.000,137718000.000,128415000.000,474543000.000,2297477000.000,125185000.000,131332000.000,451882000.000,2327915000.000
SalesRevenueServicesNet,677295000.000,240563000.000,109983000.000,524240000.000,1559521000.000,79896000.000,116438000.000,362194000.000,1884472000.000,107800000.000,112432000.000,138613000.000,2211428000.000,115473000.000,115442000.000,406441000.000,2013701000.000,118434000.000,113420000.000,389502000.000,2032580000.000,112384000.000,118940000.000,361397000.000,2055628000.000
SegmentReportingInformationRevenue,,267634000.000,129194000.000,663280000.000,1833663000.000,96489000.000,137263000.000,471979000.000,2200212000.000,127195000.000,134340000.000,,,,,,,,,,,,,,
SegmentReportingSegmentRevenue,851482000.000,,,,,,,,,,,,,,,,,,,,,,,,
SellingGeneralAndAdministrativeExpense,235799000.000,108166000.000,103755000.000,211736000.000,194718000.000,75478000.000,90327000.000,186997000.000,251667000.000,96697000.000,94092000.000,174448000.000,268191000.000,97200000.000,97379000.000,189547000.000,269376000.000,98192000.000,135847000.000,201872000.000,283498000.000,98823000.000,113652000.000,187897000.000,275581000.000
ShareBasedCompensationArrangementByShareBasedPaymentAwardCompensationCost,4400000.000,4100000.000,4500000.000,2000000.000,,,,,,,,,,,,,,,,,,,,,
ShareBasedCompensationArrangementByShareBasedPaymentAwardEquityInstrumentsOtherThanOptionsGrantsInPeriod,,900000.000,,,,1300000.000,,,,,,,,,,,,,,,,,,,
ShareBasedCompensationArrangementByShareBasedPaymentAwardNonOptionEquityInstrumentsGranted,,,,,,,,,,800000.000,,,,900000.000,,,,900000.000,,,,1100000.000,,,
ShareBasedCompensationArrangementByShareBasedPaymentAwardOptionsGrantsInPeriod,,2300000.000,,,,300000.000,,,,,,,,,,,,,,,,,,,
ShareBasedCompensationArrangementByShareBasedPaymentAwardOptionsGrantsInPeriodWeightedAverageGrantDateFairValue,,,,,,2.360,,,,,,,,,,,,,,,,,,,
StockIssuedDuringPeriodSharesNewIssues,,500000.000,,,,300000.000,,,,,,,,,,,,,,,,,,,
StockIssuedDuringPeriodSharesShareBasedCompensation,,,,,,,,,,1400000.000,,,,1100000.000,,,,1600000.000,,,,900000.000,,,
StockRepurchasedAndRetiredDuringPeriodShares,,,,,,21300000.000,,,,,,,,,,,,,,,,2000000.000,,,
StockRepurchasedAndRetiredDuringPeriodValue,,,,,,315000000.000,,,,,,,,,,,,,,,,48594000.000,,,
StockRepurchasedDuringPeriodShares,,100000.000,,,,100000.000,,,,200000.000,,,,300000.000,,,,600000.000,,,,200000.000,,,
StockRepurchasedDuringPeriodValue,,2000000.000,,,,1600000.000,,,,4200000.000,,,,9400000.000,,,,17800000.000,,,,5600000.000,,,
TransferOfOtherRealEstate,,1573000.000,,,,3074000.000,,,,2100000.000,,,,1818000.000,,,,624000.000,,,,,,,
TransferOfPortfolioLoansAndLeasesToHeldForSale1,,,,,,,,,,7608000.000,,,,0.000,,,,,,,,,,,
TreasuryStockRetiredCostMethodAmount,,,,,,1140797000.000,,,,,,,,,,,,,,,,,,,
TreasuryStockSharesRetired,,,,,,60000000.000,,,,,,,,,,,,,,,,,,,
UndistributedEarningsAllocatedToParticipatingSecurities,,,,,,,,,,62000.000,92000.000,88000.000,450000.000,,,,,,,,,,,,
UndistributedEarningsLossAllocatedToParticipatingSecuritiesBasic,,,,,,,,,,,,,,89000.000,97000.000,105000.000,,102000.000,102000.000,112000.000,,124000.000,143000.000,143000.000,
UnrecognizedTaxBenefitsDecreasesResultingFromPriorPeriodTaxPositions,,16900000.000,,,,66000000.000,,,,,,,,,,,,,,,,,,,
UnrecognizedTaxBenefitsDecreasesResultingFromSettlementsWithTaxingAuthorities,,,,,,,,,,15500000.000,,,,,,,,,,,,,,,
UnrecognizedTaxBenefitsPeriodIncreaseDecrease,,,,,,,,-33300000.000,,-1100000.000,,,,16600000.000,,,,9800000.000,,,,-5500000.000,,,
WeightedAverageNumberDilutedSharesOutstandingAdjustment,,,,,,,,,,0.000,0.000,0.000,2197000.000,0.000,0.000,0.000,2103000.000,0.000,0.000,0.000,1809000.000,0.000,0.000,0.000,1286000.000
WeightedAverageNumberOfDilutedSharesOutstanding,305144000.000,305491000.000,299895000.000,292963000.000,-599748000.000,277155000.000,271145000.000,271542000.000,-545483000.000,,273907000.000,274110000.000,,274575000.000,275106000.000,275190000.000,-547735000.000,275765000.000,266267000.000,231904000.000,-523118000.000,220484000.000,215535000.000,207862000.000,-429786000.000
WeightedAverageNumberOfShareOutstandingBasicAndDiluted,,,,,,277155000.000,271145000.000,271542000.000,,273080000.000,,,,,,,,,,,,,,,
WeightedAverageNumberOfSharesOutstandingBasic,305144000.000,305491000.000,299895000.000,292963000.000,-600486000.000,277155000.000,271145000.000,271542000.000,-546785000.000,273080000.000,273907000.000,274110000.000,-547267000.000,274575000.000,275106000.000,275190000.000,-549838000.000,275765000.000,266267000.000,231904000.000,-524927000.000,220484000.000,215535000.000,207862000.000,-431072000.000
