,2014-06-30,2014-09-30,2015-03-31,2015-06-30,2015-09-30,2015-12-31,2016-03-31,2016-06-30,2016-09-30,2016-12-31,2017-03-31
AllocatedShareBasedCompensationExpense,169473.000,171599.000,275031.000,307054.000,331148.000,306885.000,391183.000,1204406.000,192456.000,53856.000,376424.000
AmortizationOfIntangibleAssets,9861.000,9861.000,9519.000,8830.000,8830.000,8827.000,7348.000,5400.000,2634.000,2635.000,20600.000
AntidilutiveSecuritiesExcludedFromComputationOfEarningsPerShareAmount,581259.000,17625.000,215000.000,24000.000,5804.000,-217251.000,86467.000,91795.000,83913.000,-161837.000,1423854.000
AvailableForSaleSecuritiesGrossUnrealizedGains,,,7978.000,,,,8777.000,,,,2390.000
AvailableForSaleSecuritiesGrossUnrealizedLoss,,,27490.000,,,,75847.000,,,,55309.000
ComprehensiveIncomeNetOfTax,1020347.000,237357.000,1496891.000,1757173.000,1856807.000,2385237.000,2296105.000,2258006.000,1569526.000,1109344.000,-228160.000
CostOfRevenue,869745.000,959593.000,1328180.000,1422027.000,1590222.000,1499978.000,1705797.000,1739067.000,1405884.000,1304088.000,1387618.000
DeferredTaxExpenseFromStockOptionsExercised,,,,,,,56579.000,,,,
Depreciation,23831.000,35316.000,41790.000,46127.000,48615.000,51404.000,53566.000,56536.000,58903.000,61277.000,63469.000
DepreciationDepletionAndAmortization,,,51309.000,,,,60914.000,,,,84069.000
EarningsPerShareBasic,0.150,0.020,0.140,0.160,0.170,0.210,0.210,0.210,0.150,0.100,-0.020
EarningsPerShareDiluted,0.110,0.020,0.120,0.150,0.150,0.180,0.190,0.190,0.130,0.090,-0.020
EffectiveIncomeTaxRateContinuingOperations,0.372,0.403,0.356,0.354,0.429,-0.786,0.350,0.331,0.397,-0.737,-0.117
EffectiveIncomeTaxRateReconciliationAtFederalStatutoryIncomeTaxRate,,,,,,,0.340,,,,0.340
EffectiveIncomeTaxRateReconciliationDeductionsQualifiedProductionActivities,,,,,,,-0.027,,,,0.152
EffectiveIncomeTaxRateReconciliationNondeductibleExpense,,,,,,,,,,,0.057
EffectiveIncomeTaxRateReconciliationNondeductibleExpenseShareBasedCompensationCost,,,,,,,0.010,,,,0.084
EffectiveIncomeTaxRateReconciliationStateAndLocalIncomeTaxes,,,,,,,0.040,,,,0.058
EffectiveIncomeTaxRateReconciliationTaxCreditsResearch,,,,,,,-0.013,,,,0.147
GainLossOnSaleOfInvestments,,,,,,,-7026.000,,,,
GeneralAndAdministrativeExpense,1130484.000,1261872.000,1968017.000,1985269.000,1675784.000,2140811.000,2259722.000,3088205.000,1869927.000,1577849.000,2107257.000
GrossProfit,3830624.000,2852354.000,5663525.000,6187116.000,6603394.000,7299278.000,7258356.000,8129838.000,6267333.000,4686185.000,3774942.000
ImpairmentOfIntangibleAssetsFinitelived,,,55433.000,,,,,,,,
IncomeLossFromContinuingOperationsBeforeIncomeTaxesExtraordinaryItemsNoncontrollingInterest,1621752.000,397500.000,2311326.000,2739853.000,3267554.000,3315801.000,3513028.000,3335384.000,2589513.000,1514809.000,-208857.000
IncomeTaxExpenseBenefit,602931.000,160143.000,823831.000,969282.000,1400406.000,911095.000,1231017.000,1104133.000,1029029.000,374010.000,24483.000
IncomeTaxesPaid,,,,,,,164300.000,,,,
IncreaseDecreaseInAccountsPayable,,,152418.000,,,,219531.000,,,,-320124.000
IncreaseDecreaseInAccountsReceivable,,,1600843.000,,,,796987.000,,,,-47115.000
IncreaseDecreaseInAccruedIncomeTaxesPayable,,,962908.000,,,,1246506.000,,,,201143.000
IncreaseDecreaseInDeferredIncomeTaxes,,,158510.000,,,,179790.000,,,,176659.000
IncreaseDecreaseInDeferredRevenue,,,405967.000,,,,94673.000,,,,170026.000
IncreaseDecreaseInEmployeeRelatedLiabilities,,,-568369.000,,,,-413037.000,,,,-30495.000
IncreaseDecreaseInInventories,,,111675.000,,,,478033.000,,,,321552.000
IncreaseDecreaseInOtherOperatingAssets,,,1996.000,,,,4384.000,,,,-3665.000
IncreaseDecreaseInPrepaidDeferredExpenseAndOtherAssets,,,-72488.000,,,,23346.000,,,,-2018.000
IncreaseDecreaseInPropertyAndOtherTaxesPayable,,,-48968.000,,,,-8924.000,,,,501.000
IncrementalCommonSharesAttributableToCallOptionsAndWarrants,,847.000,90612.000,111878.000,133093.000,-212439.000,107333.000,102277.000,103268.000,-218709.000,
IncrementalCommonSharesAttributableToConversionOfPreferredStock,1400000.000,228261.000,,,,,,,,,
IncrementalCommonSharesAttributableToShareBasedPaymentArrangements,478170.000,928111.000,981123.000,1021381.000,1220887.000,-1792920.000,1122821.000,1085029.000,1077209.000,-2210255.000,
InterestPaid,,,5000.000,,,,,,,,
InventoryWriteDown,,,8442.000,,,,74946.000,,,,-7171.000
NetCashProvidedByUsedInContinuingOperations,,,1319363.000,,,,-3860682.000,,,,-257230.000
NetCashProvidedByUsedInFinancingActivities,,,304270.000,,,,-5375270.000,,,,-10867.000
NetCashProvidedByUsedInFinancingActivitiesContinuingOperations,,,304270.000,,,,-5375270.000,,,,-10867.000
NetCashProvidedByUsedInInvestingActivities,,,-41094.000,,,,-917265.000,,,,-61718.000
NetCashProvidedByUsedInInvestingActivitiesContinuingOperations,,,-41094.000,,,,-917265.000,,,,-61718.000
NetCashProvidedByUsedInOperatingActivities,,,1056187.000,,,,2431853.000,,,,-184645.000
NetCashProvidedByUsedInOperatingActivitiesContinuingOperations,,,1056187.000,,,,2431853.000,,,,-184645.000
NetIncomeLoss,1018821.000,237357.000,1487495.000,1770571.000,1867148.000,2404706.000,2282011.000,2231251.000,1560484.000,1140799.000,-233340.000
NonoperatingIncomeExpense,11631.000,-8808.000,46815.000,46135.000,64709.000,-36274.000,31778.000,-4669.000,-4017.000,9588.000,29524.000
OperatingExpenses,2220503.000,2446046.000,3399014.000,3493398.000,3400549.000,3947203.000,3777106.000,4789785.000,3673803.000,3180964.000,4013323.000
OperatingIncomeLoss,1610121.000,406308.000,2264511.000,2693718.000,3202845.000,3352075.000,3481250.000,3340053.000,2593530.000,1505221.000,-238381.000
OtherComprehensiveIncomeAvailableforsaleSecuritiesAdjustmentNetOfTaxPortionAttributableToParent,1526.000,130.000,9396.000,-13398.000,-10341.000,-21710.000,9838.000,2054.000,-13049.000,-33607.000,2124.000
OtherComprehensiveIncomeAvailableforsaleSecuritiesTaxPortionAttributableToParent,821.000,70.000,5785.000,-8249.000,-6369.000,-14667.000,6058.000,2373.000,7211.000,3764.000,110.000
OtherComprehensiveIncomeLossNetOfTaxPortionAttributableToParent,,,,,,,14094.000,26755.000,9042.000,-31455.000,5180.000
OtherComprehensiveIncomeLossReclassificationAdjustmentFromAOCIForSaleOfSecuritiesNetOfTax,,130.000,,,,,-4256.000,-24701.000,-22091.000,-2152.000,-3056.000
OtherComprehensiveIncomeLossReclassificationAdjustmentFromAOCIForSaleOfSecuritiesTax,,70.000,,,,,2620.000,-14097.000,-12778.000,55012.000,-2043.000
PaymentsForProceedsFromInvestments,,,,,,,-300000.000,,,,-1500050.000
PaymentsForRepurchaseOfCommonStock,,,,,,,5505439.000,,,,
PaymentsRelatedToTaxWithholdingForShareBasedCompensation,,,,,,,,,,,43953.000
PaymentsToAcquireInvestments,,,,,,,728336.000,,,,1321257.000
PaymentsToAcquireOtherProductiveAssets,,,800.000,,,,289591.000,,,,111.000
PaymentsToAcquirePropertyPlantAndEquipment,,,40294.000,,,,199338.000,,,,240400.000
ProceedsFromStockOptionsExercised,,,191837.000,,,,73590.000,,,,33086.000
ProvisionForDoubtfulAccounts,,,43802.000,,,,15686.000,,,,-8533.000
RealizedInvestmentGainsLosses,,,,,,,,,,,-5099.000
ReclassificationFromAccumulatedOtherComprehensiveIncomeCurrentPeriodNetOfTax,,,,,,,-4256.000,,,,
ReclassificationFromAociCurrentPeriodNetOfTaxAttributableToParent,,,,,,,,-24701.000,-22091.000,,3056.000
ResearchAndDevelopmentExpense,225500.000,303463.000,342301.000,403447.000,518562.000,499996.000,234336.000,291822.000,457134.000,364215.000,541290.000
Revenues,4700369.000,3811947.000,6991705.000,7609143.000,8193616.000,8799256.000,8964153.000,9868905.000,7673217.000,5990273.000,5162560.000
SalesRevenueNet,4700369.000,3811947.000,6991705.000,7609143.000,8193616.000,8799256.000,8964153.000,9868905.000,7673217.000,5990273.000,5167659.000
SellingAndMarketingExpense,864519.000,880711.000,1088696.000,1104682.000,1206203.000,1306396.000,1283048.000,1409758.000,1346742.000,1238900.000,1364776.000
ShareBasedCompensation,,,275031.000,,,,391183.000,,,,376424.000
StockholdersEquityNoteStockSplitConversionRatio1,,,1.750,,,,,,,,
WeightedAverageNumberOfDilutedSharesOutstanding,8878170.000,11269358.000,11977959.000,12107707.000,12382531.000,-23911310.000,12326108.000,11966289.000,11867997.000,-24170713.000,10740979.000
WeightedAverageNumberOfSharesOutstandingBasic,7000000.000,10112139.000,10906224.000,10974448.000,11028551.000,-21905951.000,11095950.000,10778673.000,10684650.000,-21740846.000,10740979.000
