,2011-06-30,2011-09-30,2012-03-31,2012-06-30,2012-09-30,2012-12-31,2013-03-31,2013-06-30,2013-09-30,2013-12-31,2014-03-31,2014-06-30,2014-09-30,2014-12-31,2015-03-31,2015-06-30,2015-09-30
AllocatedShareBasedCompensationExpense,,,,,,,,,,,2366000.000,2284000.000,2512000.000,2219000.000,2196000.000,2314000.000,2401000.000
AmortizationOfFinancingCosts,,,170000.000,,,,593000.000,,,,441000.000,,,,533000.000,,
AmortizationOfIntangibleAssets,,,,1897000.000,2738000.000,,3094000.000,3139000.000,3196000.000,3224000.000,3432000.000,3424000.000,3424000.000,3405000.000,3372000.000,2981000.000,2725000.000
AntidilutiveSecuritiesExcludedFromComputationOfEarningsPerShareAmount,,,,4100000.000,12400000.000,,4400000.000,4600000.000,12300000.000,-17600000.000,4000000.000,3400000.000,12300000.000,-7600000.000,4600000.000,11200000.000,6600000.000
AssetImpairmentCharges,,,,,,,,,,,542000.000,,,,0.000,,
CashAndCashEquivalentsPeriodIncreaseDecrease,,,-1631000.000,,,,-3929000.000,,,,-3891000.000,,,,-10299000.000,,
ComprehensiveIncomeNetOfTax,,-286000.000,4156000.000,33000.000,-2758000.000,3403000.000,3518000.000,2355000.000,-1145000.000,2954000.000,-775000.000,3634000.000,-132998000.000,460000.000,-1529000.000,-2468000.000,-2523000.000
ComprehensiveIncomeNetOfTaxAttributableToNoncontrollingInterest,,,,,,,,-4000.000,-55000.000,,-61000.000,-53000.000,-36000.000,-44000.000,-18000.000,-296000.000,455000.000
ComprehensiveIncomeNetOfTaxIncludingPortionAttributableToNoncontrollingInterest,,,,,,,,2359000.000,-1090000.000,,-714000.000,3687000.000,-132962000.000,116000.000,-1511000.000,-2172000.000,-2978000.000
CostOfGoodsSold,30849000.000,41425000.000,44211000.000,43988000.000,59032000.000,63521000.000,61079000.000,64378000.000,70242000.000,73592000.000,76489000.000,84408000.000,83422000.000,81160000.000,79399000.000,79536000.000,84891000.000
DeferredIncomeTaxExpenseBenefit,,,-348000.000,,,,226000.000,,,,1042000.000,,,,-1200000.000,,
Depreciation,,,,,,,,,,,2096000.000,2133000.000,2241000.000,,2226000.000,2285000.000,2354000.000
DepreciationAndAmortization,,,2581000.000,,,,4363000.000,,,,5528000.000,,,,5598000.000,,
DepreciationDepletionAndAmortization,,,,1028000.000,1183000.000,,1269000.000,1426000.000,1632000.000,1835000.000,,,,,,,
EarningsPerShareBasic,0.060,0.020,0.060,0.010,-0.060,0.060,0.070,0.050,-0.030,0.080,0.010,0.050,-2.170,0.020,0.030,-0.050,0.010
EarningsPerShareDiluted,0.060,0.020,0.060,0.010,-0.060,0.060,0.060,0.050,-0.030,0.090,0.010,0.040,-2.170,0.030,0.030,-0.050,0.010
EffectOfExchangeRateOnCashAndCashEquivalents,,,19000.000,,,,-6000.000,,,,-24000.000,,,,-82000.000,,
EffectiveIncomeTaxRateContinuingOperations,,,,,0.461,,0.444,0.398,0.279,-0.661,0.265,0.409,0.082,-0.699,0.405,0.677,0.771
ExcessTaxBenefitFromShareBasedCompensationFinancingActivities,,,,,,,,,,,3565000.000,,,,40000.000,,
ExcessTaxBenefitFromShareBasedCompensationOperatingActivities,,,,,,,,,,,3565000.000,,,,40000.000,,
FiniteLivedIntangibleAssetsTranslationAdjustments,,,,-1060000.000,614000.000,,-1021000.000,-1660000.000,-1278000.000,2107000.000,-2528000.000,,,,,,
GainLossOnDispositionOfProperty,,,,,,,-199000.000,,,,,,,,,,
GainLossOnSaleOfPropertyPlantEquipment,,,,,,,,,,,-12000.000,,,,-14000.000,,
GeneralAndAdministrativeExpense,9716000.000,15268000.000,13716000.000,13157000.000,20324000.000,18311000.000,17320000.000,17640000.000,19781000.000,20318000.000,21810000.000,21518000.000,20378000.000,21274000.000,23439000.000,24698000.000,21694000.000
GoodwillAcquiredDuringPeriod,,,,,,,0.000,,,,,,,,,,
GoodwillAndIntangibleAssetImpairment,,,,,,,,,,,,,150507000.000,,,2696000.000,0.000
GoodwillImpairmentLoss,0.000,0.000,,,,,,,,,,,,,,,
GoodwillTranslationAdjustments,,,,,,,-254000.000,,,,-431000.000,,,,-884000.000,,
GrossProfit,28172000.000,30235000.000,35080000.000,32001000.000,42302000.000,49510000.000,45574000.000,46291000.000,48270000.000,51912000.000,46363000.000,46940000.000,50443000.000,47406000.000,49601000.000,38181000.000,48026000.000
IncomeLossFromContinuingOperationsBeforeIncomeTaxesMinorityInterestAndIncomeLossFromEquityMethodInvestments,6545000.000,1357000.000,6138000.000,3314000.000,-6906000.000,5381000.000,7125000.000,5143000.000,-2249000.000,9018000.000,560000.000,4629000.000,-144068000.000,3972000.000,3053000.000,-11241000.000,3535000.000
IncomeTaxExpenseBenefit,3216000.000,214000.000,2435000.000,2830000.000,-3181000.000,1640000.000,3164000.000,2049000.000,-612000.000,4149000.000,148000.000,1893000.000,-11873000.000,2195000.000,1236000.000,-7606000.000,2726000.000
IncomeTaxesPaid,,,3191000.000,,,,491000.000,,,,96000.000,,,,33000.000,,
IncreaseDecreaseInAccountsPayableAndAccruedLiabilities,,,-4051000.000,,,,-5045000.000,,,,3368000.000,,,,5780000.000,,
IncreaseDecreaseInAccountsReceivable,,,285000.000,,,,2786000.000,,,,-38000.000,,,,12339000.000,,
IncreaseDecreaseInIncomeTaxesReceivable,,,0.000,,,,,,,,,,,,,,
IncreaseDecreaseInInventories,,,634000.000,,,,4814000.000,,,,8353000.000,,,,-1653000.000,,
IncreaseDecreaseInPrepaidDeferredExpenseAndOtherAssets,,,1895000.000,,,,1516000.000,,,,3000000.000,,,,4011000.000,,
IncreaseDecreaseInPrepaidTaxes,,,405000.000,,,,-2521000.000,,,,990000.000,,,,-2406000.000,,
IncrementalCommonSharesAttributableToShareBasedPaymentArrangements,,,,864453.000,0.000,,2672161.000,2501000.000,0.000,-1944775.000,3149000.000,3202000.000,0.000,-6351000.000,2406000.000,0.000,1538000.000
InterestExpense,684000.000,910000.000,1160000.000,1290000.000,7269000.000,5327000.000,4771000.000,4878000.000,11242000.000,3602000.000,4267000.000,4298000.000,5341000.000,4225000.000,4157000.000,4145000.000,4180000.000
InterestPaid,,,1275000.000,,,,4172000.000,,,,3639000.000,,,,3945000.000,,
LineOfCreditFacilityDecreaseRepayments,,,,3000000.000,,,600000.000,,,,,,,,,,
LineOfCreditFacilityIncreaseAdditionalBorrowings,,,,,,,5000000.000,,,,,,,,,,
MarketingExpense,5889000.000,6947000.000,6805000.000,6486000.000,8416000.000,10609000.000,7076000.000,7893000.000,8048000.000,7278000.000,5387000.000,5247000.000,6206000.000,5771000.000,5920000.000,6476000.000,6635000.000
NetCashProvidedByUsedInFinancingActivities,,,1624000.000,,,,2650000.000,,,,1147000.000,,,,-6794000.000,,
NetCashProvidedByUsedInFinancingActivitiesContinuingOperations,,,1624000.000,,,,2650000.000,,,,1147000.000,,,,-6794000.000,,
NetCashProvidedByUsedInInvestingActivities,,,-3672000.000,,,,-6125000.000,,,,-2855000.000,,,,-5830000.000,,
NetCashProvidedByUsedInInvestingActivitiesContinuingOperations,,,-3672000.000,,,,-6125000.000,,,,-2855000.000,,,,-5830000.000,,
NetCashProvidedByUsedInOperatingActivities,,,398000.000,,,,-448000.000,,,,-2159000.000,,,,2407000.000,,
NetCashProvidedByUsedInOperatingActivitiesContinuingOperations,,,398000.000,,,,-448000.000,,,,-2159000.000,,,,2407000.000,,
NetIncomeLoss,3329000.000,1143000.000,3703000.000,484000.000,-3725000.000,3741000.000,3961000.000,3094000.000,-1637000.000,4869000.000,412000.000,2736000.000,-132195000.000,1971000.000,1817000.000,-3635000.000,809000.000
NetIncomeLossAttributableToNoncontrollingInterest,,,,,,,,-4000.000,-55000.000,,-61000.000,-53000.000,-36000.000,-44000.000,-18000.000,-296000.000,455000.000
NonoperatingIncomeExpense,-872000.000,-754000.000,-1618000.000,-1013000.000,-6392000.000,-5792000.000,-5615000.000,-5538000.000,-10648000.000,-4043000.000,-4774000.000,-3925000.000,-5921000.000,-4316000.000,-4196000.000,-4377000.000,284000.000
OperatingExpenses,20755000.000,28124000.000,27324000.000,27674000.000,42816000.000,38337000.000,32834000.000,35610000.000,39871000.000,38851000.000,41029000.000,38386000.000,188590000.000,39118000.000,42352000.000,45045000.000,44775000.000
OperatingIncomeLoss,7417000.000,2111000.000,7756000.000,4327000.000,-514000.000,11173000.000,12740000.000,10681000.000,8399000.000,13061000.000,5334000.000,8554000.000,-138147000.000,8288000.000,7249000.000,-6864000.000,3251000.000
OtherComprehensiveIncomeForeignCurrencyTransactionAndTranslationAdjustmentNetOfTaxPeriodIncreaseDecrease,,-1429000.000,453000.000,,,,,,,,,,,,,,
OtherComprehensiveIncomeLossDerivativesQualifyingAsHedgesNetOfTax,,,,,,,,,,,,,,,,391000.000,-1050000.000
OtherComprehensiveIncomeLossForeignCurrencyTransactionAndTranslationAdjustmentNetOfTax,,,,-451000.000,967000.000,,-443000.000,-739000.000,492000.000,-1915000.000,-1187000.000,898000.000,-803000.000,-1511000.000,-3346000.000,776000.000,-2282000.000
OtherComprehensiveIncomeLossNetOfTax,,,,-451000.000,967000.000,,-443000.000,-739000.000,492000.000,-1915000.000,-1187000.000,898000.000,-803000.000,-1511000.000,-3346000.000,1167000.000,-3332000.000
OtherComprehensiveIncomeLossNetOfTaxPeriodIncreaseDecrease,,-1429000.000,453000.000,,,,,,,,,,,,,,
OtherNonoperatingExpense,188000.000,-156000.000,458000.000,,,,,,,,,,,,,,
OtherNonoperatingIncomeExpense,,,,277000.000,877000.000,,-844000.000,-660000.000,594000.000,-441000.000,-507000.000,373000.000,-580000.000,-91000.000,-39000.000,-232000.000,4464000.000
OtherNonrecurringIncomeExpense,,,,,,,,,,,,,,,,2211000.000,79000.000
PaymentsForRepurchaseOfCommonStock,,,0.000,,,,,,,,,,,,,,
PaymentsForRestructuring,,,,,,,,,,,1955000.000,,,,124000.000,,
PaymentsOfLoanCosts,,,0.000,,,,368000.000,,,,45000.000,,,,0.000,,
PaymentsRelatedToTaxWithholdingForShareBasedCompensation,,,,,,,,,,,2169000.000,,,,93000.000,,
PaymentsToAcquireBusinessesNetOfCashAcquired,,,,,,,,,,,4000.000,,,,0.000,,
PaymentsToAcquireIntangibleAssets,,,830000.000,,,,880000.000,,,,174000.000,,,,55000.000,,
PaymentsToAcquireInvestments,,,,,,,,,,,,,,,1000000.000,,
PaymentsToAcquirePropertyPlantAndEquipment,,,2842000.000,,,,5336000.000,,,,2684000.000,,,,4786000.000,,
ProceedsFromIssuanceOfLongTermDebt,,,4000000.000,,,,5000000.000,,,,0.000,,,,,,
ProceedsFromMinorityShareholders,,,,,,,,,,,-238000.000,,,,100000.000,,
ProceedsFromSaleOfPropertyPlantAndEquipment,,,,,,,,,,,,,,,11000.000,,
ProceedsFromStockOptionsExercised,,,,,,,,,,,2415000.000,,,,553000.000,,
ProfitLoss,,,,,,,,3098000.000,-1582000.000,,473000.000,2789000.000,-132159000.000,1627000.000,1835000.000,-3339000.000,354000.000
RepaymentsOfLongTermDebt,,,2376000.000,,,,1982000.000,,,,2381000.000,,,,7394000.000,,
RestructuringCharges,,,,,,,0.000,,,,3302000.000,,,,1245000.000,,
RestructuringReserveAccrualAdjustment,,,,,,,-204000.000,,,,-3000.000,,,,259000.000,,
RestructuringReserveSettledWithCash,,,,,,,1609000.000,,,,,,,,,,
Revenues,59021000.000,71660000.000,79291000.000,75989000.000,101334000.000,113031000.000,106653000.000,110669000.000,118512000.000,125504000.000,122852000.000,131348000.000,133865000.000,128566000.000,129000000.000,117717000.000,132917000.000
RoyaltyExpense,,,,236000.000,240000.000,,294000.000,274000.000,342000.000,-585000.000,282000.000,255000.000,143000.000,81000.000,,,
SalesRevenueNet,59021000.000,71660000.000,79291000.000,75989000.000,101334000.000,113031000.000,106653000.000,110669000.000,118512000.000,125504000.000,122852000.000,131348000.000,133865000.000,128566000.000,129000000.000,117717000.000,132917000.000
SellingExpense,5150000.000,5909000.000,6803000.000,6339000.000,8368000.000,9179000.000,8235000.000,8973000.000,8976000.000,9804000.000,9898000.000,11469000.000,11685000.000,11622000.000,11500000.000,11218000.000,11362000.000
ShareBasedCompensation,,,1562000.000,,,,1850000.000,,,,2366000.000,,,,2196000.000,,
ShareBasedCompensationArrangementByShareBasedPaymentAwardOptionsForfeituresAndExpirationsInPeriod,,,,,,,125000.000,,,,466875.000,,,,200144.000,,
ShareBasedCompensationArrangementByShareBasedPaymentAwardOptionsForfeituresAndExpirationsInPeriodWeightedAverageExercisePrice,,,,,,,10.000,,,,8.650,,,,13.230,,
ShareBasedCompensationArrangementByShareBasedPaymentAwardOptionsGrantsInPeriodGross,,,,,,,272500.000,,,,808248.000,,,,182500.000,,
ShareBasedCompensationArrangementsByShareBasedPaymentAwardOptionsExercisesInPeriodWeightedAverageExercisePrice,,,,,,,4.600,,,,7.000,,,,7.430,,
ShareBasedCompensationArrangementsByShareBasedPaymentAwardOptionsGrantsInPeriodWeightedAverageExercisePrice,,,,,,,10.470,,,,15.200,,,,10.580,,
StockIssuedDuringPeriodSharesStockOptionsExercised,,,,,,,1000.000,,,,953706.000,,,,74401.000,,
UnrealizedGainLossOnCommodityContracts,,,,314000.000,794000.000,,-197000.000,-124000.000,318000.000,65000.000,-49000.000,-55000.000,445000.000,27000.000,26000.000,,
WeightedAverageNumberDilutedSharesOutstandingAdjustment,,,,7300000.000,,,,,,,,,,,,,
WeightedAverageNumberOfDilutedSharesOutstanding,59721217000.000,58986833.000,59314358.000,59805128.000,59193268.000,-117546878.000,62176150.000,62007586.000,59605890.000,-120918138.000,63598226.000,64124654.000,61032874.000,-127865132.000,63636054.000,61317363.000,63051813.000
WeightedAverageNumberOfSharesOutstandingBasic,59267479000.000,58940020.000,58940044.000,58940675.000,59193268.000,-117939995.000,59503989.000,59507191.000,59605890.000,-118973968.000,60449068.000,60922537.000,61032874.000,-121513857.000,61229539.000,61317363.000,61514355.000
