,2011-06-30,2011-09-30,2012-03-31,2012-06-30,2012-09-30,2012-12-31,2013-03-31,2013-06-30,2013-09-30,2013-12-31,2014-03-31,2014-06-30,2014-09-30,2014-12-31,2015-03-31,2015-06-30,2015-09-30,2015-12-31,2016-03-31
AllocatedShareBasedCompensationExpense,,,,307000.000,328000.000,,79000.000,95000.000,103000.000,85000.000,95000.000,101000.000,140000.000,139000.000,121000.000,345000.000,428000.000,430000.000,391000.000
AmortizationOfIntangibleAssets,,,1955000.000,,,,826000.000,,,,,,,,,,,,
AntidilutiveSecuritiesExcludedFromComputationOfEarningsPerShareAmount,,,,59903.000,,,,,,,,,,,,,,,
AssetImpairmentCharges,,,,,,,,,,,,44341000.000,0.000,,,0.000,13766000.000,,
CashAndCashEquivalentsPeriodIncreaseDecrease,,,-33796000.000,,,,-7624000.000,,,,41000.000,,,,-27357000.000,,,,-11621000.000
CashAndCashEquivalentsPeriodIncreaseDecreaseExcludingExchangeRateEffect,,,,,,,,,,,,,,,-24307000.000,,,,-12631000.000
ComprehensiveIncomeNetOfTax,,,4174000.000,-5655000.000,3774000.000,-16321000.000,-9205000.000,3640000.000,8697000.000,-1971000.000,-5712000.000,-45801000.000,-17237000.000,-10630000.000,-27421000.000,-3887000.000,-22385000.000,-13088000.000,-1832000.000
ComprehensiveIncomeNetOfTaxAttributableToNoncontrollingInterest,,,,,,,,,3000.000,,-6000.000,-4000.000,-7000.000,2000.000,8000.000,-22000.000,-10000.000,-2000.000,0.000
ComprehensiveIncomeNetOfTaxIncludingPortionAttributableToNoncontrollingInterest,,,4174000.000,-5655000.000,3774000.000,-16321000.000,,,,,-5718000.000,-45805000.000,-17244000.000,-10628000.000,-27413000.000,-3909000.000,-22395000.000,-13090000.000,-1832000.000
CostOfRevenue,89514000.000,75884000.000,74828000.000,79844000.000,70728000.000,76713000.000,76982000.000,85276000.000,75506000.000,74939000.000,63895000.000,69539000.000,65101000.000,65936000.000,48768000.000,52232000.000,50460000.000,52563000.000,41505000.000
DebtInstrumentInterestRateStatedPercentageRateRangeMaximum,,,,,,,0.016,,,,0.070,,,,0.070,,,,
DebtInstrumentInterestRateStatedPercentageRateRangeMinimum,,,,,,,0.005,,,,0.005,,,,0.005,,,,
DeferredIncomeTaxExpenseBenefit,,,,,,,-484000.000,,,,-758000.000,,,,7776000.000,,,,-75000.000
DeferredOtherTaxExpenseBenefit,,,,,,,,5000000.000,,,,,,,,,,,
Depreciation,,,,2500000.000,2700000.000,,2800000.000,2600000.000,2700000.000,2800000.000,2700000.000,2800000.000,2700000.000,2500000.000,2400000.000,2300000.000,2400000.000,2100000.000,2000000.000
DepreciationAndAmortization,,,2588000.000,,,,,,,,,,,,,,,,
DepreciationDepletionAndAmortization,,,,,,,2755000.000,,,,2707000.000,,,,2379000.000,,,,2015000.000
EarningsPerShareBasic,0.190,-0.020,-0.060,0.360,-0.030,-1.050,-0.040,0.130,0.050,-0.160,-0.100,-2.200,-0.160,-0.200,-0.620,-0.320,-1.240,-0.370,-0.360
EarningsPerShareDiluted,0.190,-0.020,-0.060,0.360,-0.030,-1.050,-0.040,0.130,0.050,-0.160,-0.100,-2.200,-0.160,-0.200,-0.620,-0.320,-1.240,-0.370,-0.360
EffectOfExchangeRateOnCashAndCashEquivalents,,,1029000.000,,,,-1449000.000,,,,300000.000,,,,-3050000.000,,,,1010000.000
EffectiveIncomeTaxRateContinuingOperations,,,,,,,1.886,0.345,0.468,-1.543,-0.149,0.060,-2.095,2.196,2.402,-0.130,-0.024,-1.995,-0.131
EffectiveIncomeTaxRateReconciliationAtFederalStatutoryIncomeTaxRate,,,,-0.083,1.519,,,,,,,,,,,,,,
ForeignCurrencyTransactionGainLossRealized,,,,,,,-420000.000,-266000.000,0.000,686000.000,,,,,,,,,
ForeignCurrencyTransactionGainLossUnrealized,,,95000.000,,,,-795000.000,,,,29000.000,,,,610000.000,,,,-367000.000
GainLossOnSaleOfPropertyPlantEquipment,,,-294000.000,,,,415000.000,,,,0.000,,,,-222000.000,,,,0.000
GoodwillImpairmentLoss,,,,,,,,,,,,39938000.000,,,,,,,
GoodwillTranslationAdjustments,,,,,,,,,,,-1069000.000,,,,-120000.000,,,,
GrossProfit,27084000.000,23874000.000,22562000.000,29107000.000,18833000.000,21332000.000,21618000.000,25819000.000,22067000.000,17634000.000,17401000.000,17852000.000,19976000.000,19428000.000,14524000.000,14953000.000,15135000.000,14762000.000,14637000.000
ImpairmentOfIntangibleAssetsExcludingGoodwill,,,,,,,,,,,,1725000.000,,,,,,,
ImpairmentOfLongLivedAssetsHeldForUse,,,,,,,,,,,,2678000.000,,,,,,,
IncomeLossFromContinuingOperationsBeforeIncomeTaxesMinorityInterestAndIncomeLossFromEquityMethodInvestments,6952000.000,1594000.000,915000.000,6598000.000,1191000.000,-22153000.000,818000.000,3939000.000,1963000.000,-3632000.000,-1744000.000,-47040000.000,-1035000.000,-2983000.000,-3476000.000,-5340000.000,-21868000.000,-6955000.000,-5723000.000
IncomeTaxExpenseBenefit,3096000.000,2021000.000,2117000.000,-550000.000,1809000.000,-1193000.000,1543000.000,1359000.000,918000.000,-254000.000,260000.000,-2844000.000,2168000.000,1026000.000,8351000.000,695000.000,532000.000,-57000.000,751000.000
IncreaseDecreaseInAccountsPayable,,,-4420000.000,,,,10920000.000,,,,2070000.000,,,,-4308000.000,,,,624000.000
IncreaseDecreaseInAccountsReceivable,,,10252000.000,,,,2873000.000,,,,-7201000.000,,,,-308000.000,,,,128000.000
IncreaseDecreaseInAccruedIncomeTaxesPayable,,,-599000.000,,,,1433000.000,,,,285000.000,,,,153000.000,,,,384000.000
IncreaseDecreaseInAccruedLiabilities,,,2166000.000,,,,-426000.000,,,,-404000.000,,,,122000.000,,,,
IncreaseDecreaseInDeferredIncomeTaxes,,,379000.000,,,,,,,,,,,,,,,,
IncreaseDecreaseInDueFromRelatedPartiesCurrent,,,-395000.000,,,,805000.000,,,,214000.000,,,,-319000.000,,,,478000.000
IncreaseDecreaseInInventories,,,4021000.000,,,,5482000.000,,,,5938000.000,,,,4145000.000,,,,10968000.000
IncreaseDecreaseInOtherCurrentAssets,,,-208000.000,,,,2771000.000,,,,889000.000,,,,2307000.000,,,,-337000.000
IncreaseDecreaseInOtherNoncurrentLiabilities,,,,,,,,,,,-162000.000,,,,58000.000,,,,
IncreaseDecreaseInOtherOperatingAssets,,,-83000.000,,,,640000.000,,,,-20000.000,,,,214000.000,,,,-11000.000
IncreaseDecreaseInOtherOperatingLiabilities,,,-260000.000,,,,95000.000,,,,,,,,,,,,
InterestIncomeExpenseNonoperatingNet,,,80000.000,11000.000,109000.000,,,,,,,,,,,36000.000,-14000.000,,-12000.000
InventoryWriteDown,,,40000.000,,,,100000.000,,,,636000.000,,,,455000.000,,,,782000.000
NetCashProvidedByUsedInFinancingActivities,,,-1142000.000,,,,-23000.000,,,,-17000.000,,,,-10941000.000,,,,-31000.000
NetCashProvidedByUsedInFinancingActivitiesContinuingOperations,,,-1142000.000,,,,-23000.000,,,,-17000.000,,,,-10941000.000,,,,-31000.000
NetCashProvidedByUsedInInvestingActivities,,,-20721000.000,,,,-8128000.000,,,,-3561000.000,,,,-2477000.000,,,,-833000.000
NetCashProvidedByUsedInInvestingActivitiesContinuingOperations,,,-20721000.000,,,,-8128000.000,,,,-3561000.000,,,,-2477000.000,,,,-833000.000
NetCashProvidedByUsedInOperatingActivities,,,-12962000.000,,,,1976000.000,,,,3319000.000,,,,-10889000.000,,,,-11767000.000
NetCashProvidedByUsedInOperatingActivitiesContinuingOperations,,,-12962000.000,,,,1976000.000,,,,3319000.000,,,,-10889000.000,,,,-11767000.000
NetIncomeLoss,3810000.000,-427000.000,-1202000.000,7148000.000,-618000.000,-20960000.000,-725000.000,2580000.000,1032000.000,-3347000.000,-2006000.000,-44190000.000,-3207000.000,-4013000.000,-11870000.000,-5998000.000,-22370000.000,-6897000.000,-6474000.000
NetIncomeLossAttributableToNoncontrollingInterest,46000.000,,,,,,,,13000.000,,2000.000,-6000.000,4000.000,4000.000,43000.000,-37000.000,-30000.000,-1000.000,0.000
NoncashOrPartNoncashAcquisitionFixedAssetsAcquired1,,,,,,,,,,,61000.000,,,,72000.000,,,,222000.000
NonoperatingIncomeExpense,200000.000,277000.000,,,,,16000.000,27000.000,-7000.000,,13000.000,-27000.000,116000.000,,-7000.000,,,,
OperatingExpenses,20710000.000,22155000.000,21520000.000,22877000.000,18614000.000,42109000.000,20481000.000,20998000.000,20443000.000,20807000.000,19683000.000,65759000.000,21365000.000,22069000.000,18976000.000,20220000.000,36438000.000,21217000.000,19765000.000
OperatingIncomeLoss,6374000.000,1719000.000,1042000.000,6230000.000,219000.000,-20777000.000,1137000.000,4821000.000,1624000.000,-3173000.000,-2282000.000,-47907000.000,-1389000.000,-2641000.000,-4452000.000,-5267000.000,-21303000.000,-6455000.000,-5128000.000
OtherComprehensiveIncomeForeignCurrencyTransactionAndTranslationAdjustmentNetOfTaxPeriodIncreaseDecrease,,,5398000.000,,,,,,,,,,,,,,,,
OtherComprehensiveIncomeForeignCurrencyTransactionAndTranslationGainLossArisingDuringPeriodNetOfTax,,,,,,,-497000.000,48000.000,608000.000,226000.000,-13000.000,-97000.000,-866000.000,731000.000,0.000,0.000,0.000,0.000,
OtherComprehensiveIncomeLossAvailableForSaleSecuritiesAdjustmentBeforeReclassificationAdjustmentsNetOfTax,,,,,,,-8060000.000,1326000.000,7665000.000,1376000.000,-3706000.000,-1609000.000,-14041000.000,-7318000.000,-15586000.000,2126000.000,5000.000,-6192000.000,4642000.000
OtherComprehensiveIncomeLossBeforeReclassificationsNetOfTax,,,,,,,,,,,,,,,0.000,0.000,0.000,,0.000
OtherComprehensiveIncomeLossForeignCurrencyTransactionAndTranslationAdjustmentBeforeTax,,,,,,,,,,,,,,,-15586000.000,2126000.000,5000.000,-6192000.000,4642000.000
OtherComprehensiveIncomeLossForeignCurrencyTransactionAndTranslationAdjustmentNetOfTax,,,,-12768000.000,4412000.000,,-7546000.000,1240000.000,7025000.000,1156000.000,-3717000.000,-1522000.000,-13100000.000,-8035000.000,-15586000.000,,,,4642000.000
OtherComprehensiveIncomeLossNetOfTax,,,,-12803000.000,4392000.000,,-8480000.000,1060000.000,7655000.000,1394000.000,-3714000.000,-1609000.000,-14041000.000,-6619000.000,-15586000.000,2126000.000,5000.000,-6192000.000,4642000.000
OtherComprehensiveIncomeLossNetOfTaxPeriodIncreaseDecrease,,,5376000.000,,,,,,,,,,,,,,,,
OtherComprehensiveIncomeLossNetOfTaxPortionAttributableToNoncontrollingInterest,,,,,,,,,,,,-14000.000,11000.000,,35000.000,-15000.000,-20000.000,1000.000,
OtherComprehensiveIncomeLossNetOfTaxPortionAttributableToParent,,,,,,,,,7652000.000,,,,,,,,,,
OtherComprehensiveIncomeLossReclassificationAdjustmentForSaleOfSecuritiesIncludedInNetIncomeNetOfTax,,,,,,,-420000.000,,,,,,,,,,,,
OtherComprehensiveIncomeLossReclassificationAdjustmentFromAOCIForSaleOfSecuritiesBeforeTax,,,,,,,,,,,0.000,0.000,,,,,,,
OtherComprehensiveIncomeLossReclassificationAdjustmentFromAOCIForSaleOfSecuritiesNetOfTax,,,,,,,,266000.000,0.000,,0.000,0.000,0.000,-691000.000,,,,,
OtherComprehensiveIncomeLossReclassificationAdjustmentFromAOCIOnDerivativesNetOfTax,,,,,,,,-266000.000,,,,,,,,,,,
OtherComprehensiveIncomeLossReclassificationAdjustmentOnDerivativesIncludedInNetIncomeNetOfTax,,,,,,,-420000.000,,,,,,,,,,,,
OtherComprehensiveIncomeUnrealizedHoldingGainLossOnSecuritiesArisingDuringPeriodNetOfTax,,,-22000.000,-35000.000,-20000.000,68000.000,-17000.000,38000.000,22000.000,12000.000,16000.000,10000.000,-75000.000,-6000.000,0.000,0.000,0.000,0.000,
OtherNoncashIncomeExpense,,,,,,,,,,,-12000.000,,,,0.000,,,,
OtherNonoperatingIncomeExpense,378000.000,-402000.000,-207000.000,357000.000,863000.000,-1505000.000,-335000.000,-909000.000,346000.000,-638000.000,525000.000,894000.000,238000.000,-391000.000,983000.000,-109000.000,-551000.000,-464000.000,-583000.000
PaymentsForLegalSettlements,,,,1300000.000,,,,,,,200000.000,,,,,,,,
PaymentsForProceedsFromOtherInvestingActivities,,,,,,,,,,,,,,,,,,,-102000.000
PaymentsForRepurchaseOfCommonStock,,,,,,,,,,,,,,,10935000.000,,,,0.000
PaymentsForRestructuring,,,,,,,,,,,,,,,255000.000,,,,427000.000
PaymentsToAcquireBusinessesNetOfCashAcquired,,,5017000.000,,,,,,,,,,,,,,,,
PaymentsToAcquireInvestments,,,,,,,12626000.000,,,,0.000,,,,6000000.000,,,,0.000
PaymentsToAcquireProductiveAssets,,,,,,,2330000.000,,,,3645000.000,,,,1787000.000,,,,935000.000
PaymentsToAcquirePropertyPlantAndEquipment,,,3811000.000,,,,,,,,,,,,,,,,
PaymentsToAcquireShortTermInvestments,,,11930000.000,,,,,,,,,,,,,,,,
ProceedsFromMaturitiesPrepaymentsAndCallsOfHeldToMaturitySecurities,,,,,,,,,,,,,,,,,,,0.000
ProceedsFromPaymentsForOtherFinancingActivities,,,-3000.000,,,,11000.000,,,,-2000.000,,,,0.000,,,,
ProceedsFromRepaymentsOfLinesOfCredit,,,-1121000.000,,,,,,,,,,,,,,,,
ProceedsFromRepurchaseOfEquity,,,10000.000,,,,,,,,,,,,,,,,
ProceedsFromSaleAndMaturityOfOtherInvestments,,,,,,,,,,,,,,,5000000.000,,,,
ProceedsFromSaleOfLongtermInvestments,,,,,,,6753000.000,,,,0.000,,,,,,,,
ProceedsFromSaleOfOtherInvestments,,,,,1000000.000,,,,,,,,,,,,,,
ProceedsFromStockOptionsExercised,,,11000.000,,,,,,,,,,,,,,,,
ProductWarrantyAccrualCurrencyTranslationIncreaseDecrease,,,,-364000.000,277000.000,,-175000.000,-59000.000,195000.000,-123000.000,-149000.000,94000.000,-377000.000,-196000.000,-441000.000,88000.000,-167000.000,-197000.000,236000.000
ProductWarrantyAccrualPayments,,,,847000.000,1329000.000,,2906000.000,1519000.000,-854000.000,1208000.000,1016000.000,1238000.000,1477000.000,1557000.000,941000.000,1606000.000,627000.000,1190000.000,267000.000
ProductWarrantyAccrualWarrantiesIssued,,,,1046000.000,1687000.000,,1739000.000,1037000.000,202000.000,539000.000,998000.000,699000.000,1905000.000,1161000.000,703000.000,1281000.000,1117000.000,1550000.000,877000.000
ProfitLoss,3856000.000,-427000.000,-1202000.000,7148000.000,-618000.000,-20960000.000,-725000.000,2580000.000,1045000.000,-3378000.000,-2004000.000,-44196000.000,-3203000.000,-4009000.000,-11827000.000,-6035000.000,-22400000.000,-6898000.000,-6474000.000
ProvisionForDoubtfulAccounts,,,236000.000,,,,,,,,34000.000,,,,179000.000,,,,79000.000
RelatedPartyTransactionPurchasesFromRelatedParty,,,,,,,,,,,3315000.000,,,,2370000.000,,,,1922000.000
RepaymentsOfOtherDebt,,,39000.000,,,,34000.000,,,,15000.000,,,,6000.000,,,,31000.000
ResearchAndDevelopmentExpense,7161000.000,7112000.000,6900000.000,8263000.000,6772000.000,6392000.000,6525000.000,7268000.000,6889000.000,6858000.000,6389000.000,7118000.000,6281000.000,6406000.000,5263000.000,5552000.000,5254000.000,5154000.000,5249000.000
RestructuringCharges,,,,,,,,,,,,,,,657000.000,,,,126000.000
RestructuringReserveTranslationAdjustment,,,,,,,,,,,,,,,-20000.000,,,,17000.000
RevenueFromRelatedParties,,,,,,,,,,,202000.000,,,,608000.000,,,,212000.000
Revenues,116598000.000,99758000.000,97390000.000,108951000.000,89561000.000,98045000.000,98600000.000,111095000.000,97573000.000,92573000.000,81296000.000,87391000.000,85077000.000,85364000.000,63292000.000,67185000.000,65595000.000,67325000.000,56142000.000
SalesRevenueNet,116598000.000,99758000.000,97390000.000,108951000.000,89561000.000,98045000.000,98600000.000,111095000.000,97573000.000,92573000.000,81296000.000,87391000.000,85077000.000,85364000.000,63292000.000,67185000.000,65595000.000,67325000.000,56142000.000
SellingGeneralAndAdministrativeExpense,13549000.000,15043000.000,14620000.000,14614000.000,11842000.000,13671000.000,13956000.000,13730000.000,13554000.000,13949000.000,13294000.000,14300000.000,15084000.000,15663000.000,13713000.000,14668000.000,17418000.000,16063000.000,14516000.000
ShareBasedCompensation,,,301000.000,,,,79000.000,,,,95000.000,,,,121000.000,,,,391000.000
ShareBasedCompensationArrangementByShareBasedPaymentAwardOptionsForfeituresInPeriod,,,,,,,,,,,10000.000,,,,,,,,
ShareBasedCompensationArrangementByShareBasedPaymentAwardOptionsGrantsInPeriodGross,,,,,,,,,,,0.000,,,,,,,,
ShareBasedCompensationArrangementsByShareBasedPaymentAwardOptionsExercisesInPeriodWeightedAverageExercisePrice,,,,,,,,,,,0.000,,,,,,,,
ShareBasedCompensationArrangementsByShareBasedPaymentAwardOptionsForfeituresInPeriodWeightedAverageExercisePrice,,,,,,,,,,,11.400,,,,,,,,
ShareBasedCompensationArrangementsByShareBasedPaymentAwardOptionsGrantsInPeriodWeightedAverageExercisePrice,,,,,,,,,,,0.000,,,,,,,,
StandardProductWarrantyAccrualAdditionsFromBusinessAcquisition,,,,,,,,,0.000,,,,,,,,,,
StandardProductWarrantyAccrualPreexistingIncreaseDecrease,,,,,,,,,,,,-251000.000,-207000.000,,-382000.000,13000.000,-154000.000,-138000.000,-860000.000
StockIssuedDuringPeriodValueRestrictedStockAwardNetOfForfeitures,,,,,,,,,,,,,,,76000.000,,,,334000.000
StockIssuedDuringPeriodValueShareBasedCompensation,,,,,,,,,,,,,,,45000.000,,,,57000.000
StockRepurchasedAndRetiredDuringPeriodValue,,,,,,,,,,,,,,,10935000.000,,,,
TreasuryStockSharesAcquired,,,,,,,,,,,,,,,,,,,2041066.000
TreasuryStockValueAcquiredCostMethod,,,,,,,,,,,,,,,10900000.000,6200000.000,0.000,,
WeightedAverageNumberOfDilutedSharesOutstanding,20101404.000,19986960.000,20014318.000,20049993.000,20023509.000,-40067333.000,20049428.000,20078863.000,20113272.000,-40168203.000,20096010.000,20101026.000,20105520.000,-40227783.000,19194976.000,18482951.000,18093562.000,-37285406.000,18094043.000
WeightedAverageNumberOfSharesOutstandingBasic,19968530.000,19986960.000,20014318.000,20019779.000,20023509.000,-40037119.000,20049428.000,20065789.000,20082143.000,-40124000.000,20096010.000,20101026.000,20105520.000,-40227783.000,19194976.000,18482951.000,18093562.000,-37285406.000,18094043.000
