,2012-09-30,2013-03-31,2013-06-30,2013-09-30,2013-12-31,2014-03-31,2014-06-30,2014-09-30,2014-12-31,2015-03-31,2015-06-30,2015-09-30,2015-12-31,2016-03-31,2016-06-30,2016-09-30,2016-12-31,2017-03-31
AdjustmentsToAdditionalPaidInCapitalReallocationOfMinorityInterest,,,,-160000.000,,,,,,,,,,,,,,
AdjustmentsToAdditionalPaidInCapitalSharebasedCompensationRequisiteServicePeriodRecognitionValue,,6452000.000,,,,9182000.000,,,,11151000.000,,,,13548000.000,,,,13673000.000
AmortizationOfIntangibleAssets,,,,,,,,,,,,,,1000000.000,1000000.000,1000000.000,1000000.000,1000000.000
AntidilutiveSecuritiesExcludedFromComputationOfEarningsPerShareAmount,,,,,,109203939.000,,,,,,,,,,,,
CashAndCashEquivalentsPeriodIncreaseDecrease,,771385000.000,,,,347303000.000,,,,-930730000.000,,,,-16868000.000,,,,-35189000.000
CommonStockDividendsPerShareDeclared,0.790,1.050,1.410,1.510,,1.000,0.980,0.550,0.620,0.560,0.640,0.500,0.400,0.470,0.550,0.580,0.650,0.630
ComprehensiveIncomeNetOfTax,25412000.000,57004000.000,57053000.000,43671000.000,64896000.000,51725000.000,31433000.000,18761000.000,24416000.000,37317000.000,20547000.000,1499000.000,11840000.000,28512000.000,50138000.000,58339000.000,60725000.000,53042000.000
ComprehensiveIncomeNetOfTaxAttributableToNoncontrollingInterest,120030000.000,,,1048410000.000,,1488192000.000,1276679000.000,-598254000.000,-117241000.000,1242524000.000,-334852000.000,-1769303000.000,-743370000.000,55729000.000,93399000.000,110586000.000,116101000.000,104192000.000
ComprehensiveIncomeNetOfTaxIncludingPortionAttributableToNoncontrollingInterest,2215297000.000,2380749000.000,1047006000.000,1092081000.000,1693082000.000,1539917000.000,1308112000.000,-579493000.000,-92825000.000,1279841000.000,-314305000.000,-1767804000.000,-731530000.000,84241000.000,143537000.000,168925000.000,176826000.000,157234000.000
CostsAndExpenses,168020000.000,275505000.000,285540000.000,214158000.000,331859000.000,258319000.000,215385000.000,252401000.000,221372000.000,235974000.000,245929000.000,190518000.000,268487000.000,185184000.000,191648000.000,202339000.000,210165000.000,192562000.000
DepreciationDepletionAndAmortization,,1743000.000,,1791000.000,,1921000.000,1815000.000,2402000.000,1865000.000,2892000.000,3107000.000,4032000.000,3991000.000,4161000.000,4048000.000,3867000.000,4146000.000,3824000.000
DerivativeInstrumentsNotDesignatedAsHedgingInstrumentsGainLossNet,,,,,,,,,,,,,,-18792000.000,-1691000.000,-6086000.000,22353000.000,-3556000.000
DividendsCommonStockCash,,184430000.000,,,,178775000.000,,,,100594000.000,,,,83552000.000,,,,113924000.000
EarningsPerShareBasicAndDiluted,0.840,1.910,1.710,1.120,1.610,1.300,0.720,0.430,0.520,0.850,0.410,0.040,0.150,0.450,0.780,0.930,0.950,0.870
EffectOfExchangeRateOnCashAndCashEquivalents,,-8498000.000,,,,-747000.000,,,,-22770000.000,,,,6430000.000,,,,-3168000.000
EquityMethodInvestmentDividendsOrDistributions,,17490000.000,,,,15448000.000,,,,16144000.000,,,,34024000.000,,,,44465000.000
EquityMethodInvestmentSummarizedFinancialInformationNetIncomeLoss,,,,,,,,,,,,,,571936000.000,773979000.000,2122220000.000,1710551000.000,1186989000.000
FairValueAssetsMeasuredOnRecurringBasisChangeInUnrealizedGainLoss,,,,,,891769000.000,659324000.000,-16779000.000,757004000.000,708456000.000,-407637000.000,-157450000.000,-238253000.000,-126000.000,957000.000,,,
FairValueAssetsMeasuredOnRecurringBasisChangeInUnrealizedGainLossIncludedInInvestmentIncome,606268000.000,-572586000.000,127701000.000,381868000.000,-1511935000.000,,,,,,,,,,,,,
FairValueLiabilitiesMeasuredOnRecurringBasisChangeInUnrealizedGainLoss,,,,,,,,,,,,,,610000.000,2889000.000,,,
FairValueMeasurementWithUnobservableInputsReconciliationRecurringBasisAssetGainLossIncludedInEarnings1,,,,,,,,,,,,,,-126000.000,957000.000,,,
FairValueMeasurementWithUnobservableInputsReconciliationRecurringBasisAssetPurchases,2421179000.000,780456000.000,1608320000.000,2092059000.000,2766874000.000,2362051000.000,2364465000.000,2830214000.000,1716726000.000,1764559000.000,1981399000.000,1589983000.000,1706741000.000,,,,,
FairValueMeasurementWithUnobservableInputsReconciliationRecurringBasisAssetSales,1401004000.000,1997931000.000,1604530000.000,1902935000.000,1486242000.000,1714375000.000,1115294000.000,1475573000.000,1682095000.000,564041000.000,1725985000.000,1125588000.000,2632809000.000,,,,,
FairValueMeasurementWithUnobservableInputsReconciliationRecurringBasisAssetTransfersIntoLevel3,339267000.000,709646000.000,340493000.000,548899000.000,-448806000.000,1148038000.000,380588000.000,587479000.000,556992000.000,438158000.000,88981000.000,427376000.000,386947000.000,,,,,
FairValueMeasurementWithUnobservableInputsReconciliationRecurringBasisAssetTransfersOutOfLevel3,720321000.000,690463000.000,512836000.000,750939000.000,288109000.000,1413197000.000,745209000.000,683526000.000,326614000.000,147653000.000,664435000.000,813301000.000,353827000.000,,,,,
FairValueMeasurementWithUnobservableInputsReconciliationRecurringBasisLiabilityGainLossIncludedInEarnings,,,,,,,,,,,,,,610000.000,2889000.000,,,
GainLossOnInvestments,,,,,,,,,,,,,,,,,,22806000.000
GeneralAndAdministrativeExpense,,,31124000.000,31094000.000,,32238000.000,31665000.000,15294000.000,,6580000.000,33488000.000,37627000.000,32982000.000,47831000.000,32949000.000,32252000.000,32398000.000,32219000.000
IncomeLossFromContinuingOperationsBeforeIncomeTaxesExtraordinaryItemsNoncontrollingInterest,2220103000.000,2393705000.000,1052821000.000,1089957000.000,1700481000.000,1548170000.000,1313004000.000,-573619000.000,-93467000.000,1290894000.000,-311153000.000,-1764678000.000,-730476000.000,95848000.000,149405000.000,177390000.000,185979000.000,174133000.000
IncomeLossFromEquityMethodInvestments,8298000.000,12243000.000,-1111000.000,11468000.000,33427000.000,4991000.000,4390000.000,5768000.000,,12682000.000,15694000.000,10342000.000,,,,,,
IncomeTaxExpenseBenefit,5801000.000,10157000.000,7991000.000,726000.000,7358000.000,7986000.000,5761000.000,5341000.000,-552000.000,7875000.000,5485000.000,1893000.000,2296000.000,12680000.000,8571000.000,8567000.000,12701000.000,12302000.000
IncreaseDecreaseInAccountsPayableAndAccruedLiabilities,,-9023000.000,,,,-102562000.000,,,,-7824000.000,,,,28918000.000,,,,
IncreaseDecreaseInDueToRelatedParties,,-7294000.000,,,,-1607000.000,,,,4250000.000,,,,-94558000.000,,,,
IncreaseDecreaseInOtherOperatingAssets,,104354000.000,,,,-102342000.000,,,,-7517000.000,,,,-17765000.000,,,,
InterestExpense,10789000.000,11581000.000,14013000.000,17337000.000,18229000.000,24000000.000,25699000.000,34564000.000,45679000.000,46569000.000,52742000.000,56023000.000,61465000.000,27705000.000,26730000.000,32414000.000,33761000.000,48770000.000
InterestIncomeExpenseNet,,,,-17337000.000,,-24000000.000,-25699000.000,-34564000.000,-45679000.000,-46569000.000,-52742000.000,-56023000.000,-61465000.000,-27705000.000,-26730000.000,-32414000.000,-33761000.000,-48770000.000
InterestIncomeRelatedParty,,,,,,568000.000,,,,370000.000,,,,204000.000,246000.000,,,
InvestmentAdvisoryFees,30586000.000,42539000.000,50097000.000,56786000.000,43183000.000,40431000.000,51560000.000,54243000.000,45821000.000,50819000.000,50923000.000,47106000.000,46460000.000,198553000.000,195015000.000,190974000.000,190045000.000,180928000.000
InvestmentIncomeInterestAndDividend,452473000.000,406252000.000,580593000.000,389078000.000,430438000.000,362136000.000,,,,,,,,,,46817000.000,,47960000.000
InvestmentIncomeNet,,,,,,,,,,,,,,29447000.000,41000000.000,65758000.000,62921000.000,50451000.000
InvestmentIncomeNonoperating,,,,,,,4390000.000,5768000.000,,12682000.000,15694000.000,10342000.000,13240000.000,29447000.000,,65758000.000,,50451000.000
LaborAndRelatedExpense,120185000.000,230438000.000,226321000.000,152202000.000,267727000.000,198968000.000,139481000.000,155087000.000,157565000.000,188741000.000,159044000.000,118641000.000,165693000.000,132108000.000,153189000.000,164775000.000,171820000.000,154048000.000
LimitedLiabilityCompanyLLCOrLimitedPartnershipLPManagingMemberOrGeneralPartnerOwnershipInterest,,1.000,,,,1.000,,,,1.000,,,,1.000,,,,1.000
LossContingencyDamagesSoughtValue,,800000000.000,,,,800000000.000,,,,,,,,,,,,
MinorityInterestPeriodIncreaseDecrease,,,,,,,,,,,,,,-7481000.000,-645000.000,-3766000.000,,-12061000.000
NetCashProvidedByUsedInFinancingActivities,,-1495006000.000,,,,1036870000.000,,,,901077000.000,,,,221647000.000,,,,-14751000.000
NetCashProvidedByUsedInFinancingActivitiesContinuingOperations,,-1495006000.000,,,,1036870000.000,,,,901077000.000,,,,221647000.000,,,,-14751000.000
NetCashProvidedByUsedInInvestingActivities,,17779000.000,,,,295446000.000,,,,88821000.000,,,,83876000.000,,,,228304000.000
NetCashProvidedByUsedInInvestingActivitiesContinuingOperations,,17779000.000,,,,295446000.000,,,,88821000.000,,,,83876000.000,,,,228304000.000
NetCashProvidedByUsedInOperatingActivities,,2257110000.000,,,,-984266000.000,,,,-1897858000.000,,,,-328821000.000,,,,-245574000.000
NetCashProvidedByUsedInOperatingActivitiesContinuingOperations,,2257110000.000,,,,-984266000.000,,,,-1897858000.000,,,,-328821000.000,,,,-245574000.000
NetIncomeLoss,25212000.000,57566000.000,56577000.000,42948000.000,64907000.000,51794000.000,31186000.000,18913000.000,24390000.000,38253000.000,19814000.000,1887000.000,11395000.000,28078000.000,49047000.000,58297000.000,59283000.000,54915000.000
NetIncomeLossAttributableToNoncontrollingInterest,119235000.000,262017000.000,225766000.000,129408000.000,207604000.000,163558000.000,91813000.000,67551000.000,76457000.000,108101000.000,55509000.000,10767000.000,30995000.000,60034000.000,84468000.000,,,
NetIncomeLossAttributableToRedeemableNoncontrollingInterest,2069855000.000,2063965000.000,762487000.000,916875000.000,1420612000.000,1324832000.000,,,,,,,,,,,,
NoncontrollingInterestDecreaseFromDeconsolidation,,,,,,,,,,,,,,122621000.000,,,,
NoncontrollingInterestIncreaseFromSubsidiaryEquityIssuance,,,,,,49098000.000,18000.000,-391000.000,2800000.000,45761000.000,-559000.000,2496000.000,133841000.000,,,,,
NonoperatingIncomeExpense,2356217000.000,2626671000.000,1285947000.000,1247329000.000,1989157000.000,1766058000.000,1476829000.000,-375461000.000,80245000.000,1476049000.000,-116711000.000,-1624651000.000,-511097000.000,26542000.000,58337000.000,89499000.000,97834000.000,77110000.000
OtherComprehensiveIncomeDerivativesQualifyingAsHedgesNetOfTaxPortionAttributableToNoncontrollingInterest,-252000.000,,,,,,,,,,,,,,,,,
OtherComprehensiveIncomeDerivativesQualifyingAsHedgesNetOfTaxPortionAttributableToParent,-63000.000,,,,,,,,,,,,,,,,,
OtherComprehensiveIncomeForeignCurrencyTransactionAndTranslationAdjustmentNetOfTaxPortionAttributableToNoncontrollingInterest,1047000.000,,,,,,,,,,,,,,,,,
OtherComprehensiveIncomeForeignCurrencyTransactionAndTranslationAdjustmentNetOfTaxPortionAttributableToParent,263000.000,,,,,,,,,,,,,,,,,
OtherComprehensiveIncomeLossDerivativesQualifyingAsHedgesNetOfTax,-315000.000,540000.000,2700000.000,,,-610000.000,,,,-131000.000,,,,-20000.000,,,,
OtherComprehensiveIncomeLossForeignCurrencyTransactionAndTranslationAdjustmentNetOfTax,1310000.000,-3339000.000,-524000.000,3090000.000,-773000.000,343000.000,-263000.000,-1659000.000,-114000.000,-3047000.000,1919000.000,-1411000.000,329000.000,1093000.000,2488000.000,-272000.000,3270000.000,-4657000.000
OtherComprehensiveIncomeLossNetOfTax,995000.000,-2799000.000,2176000.000,2850000.000,-41000.000,-267000.000,869000.000,-533000.000,90000.000,-3178000.000,2333000.000,-1233000.000,1242000.000,1073000.000,2703000.000,102000.000,3548000.000,-4597000.000
OtherComprehensiveIncomeLossNetOfTaxPortionAttributableToNoncontrollingInterest,795000.000,,,,,,,,,,,,,,,,,
OtherComprehensiveIncomeLossNetOfTaxPortionAttributableToParent,200000.000,,,,,,,,,,,,,,,,,
OtherComprehensiveIncomeUnrealizedGainLossOnDerivativesArisingDuringPeriodNetOfTax,,,,-240000.000,,-610000.000,1132000.000,1126000.000,204000.000,-131000.000,414000.000,178000.000,913000.000,-20000.000,215000.000,374000.000,278000.000,60000.000
OtherNoncashIncomeExpense,,,,,,,,,,,,,,,,,,-517000.000
OtherNonoperatingIncomeExpense,-59000.000,-20000.000,284000.000,148000.000,-3000.000,-1698000.000,9000.000,2695000.000,2012000.000,4694000.000,2863000.000,6368000.000,6081000.000,5801000.000,5548000.000,543000.000,1598000.000,4663000.000
PartnersCapitalAccountContributions,,,,,,,,,,2880000.000,,,,,,,,
PaymentsForProceedsFromInvestments,,,,,,,,,,-30434000.000,,,,-62811000.000,,,,-79998000.000
PaymentsOfDebtIssuanceCosts,,,,,,728000.000,,,,0.000,,,,801000.000,,,,
PaymentsOfDividendsCommonStock,,31690000.000,,,,38473000.000,,,,24508000.000,,,,29428000.000,,,,
PaymentsOfDividendsMinorityInterest,,152740000.000,,,,140302000.000,,,,75537000.000,,,,51485000.000,,,,
PaymentsToAcquireEquityMethodInvestments,,1957000.000,,,,22037000.000,,,,,,,,,,,,
PaymentsToAcquireInvestments,,,,,,,,,,13932000.000,,,,19537000.000,,,,8150000.000
PaymentsToAcquireMarketableSecurities,,70146000.000,,,,0.000,,,,155274000.000,,,,72783000.000,,,,220035000.000
PaymentsToAcquirePropertyPlantAndEquipment,,126000.000,,,,1333000.000,,,,12461000.000,,,,1615000.000,,,,4250000.000
PaymentsToMinorityShareholders,,833000.000,,,,298455000.000,,,,237820000.000,,,,0.000,,,,
PerformanceFees,1320000.000,0.000,2317000.000,0.000,0.000,0.000,0.000,0.000,1839000.000,0.000,564000.000,3385000.000,2648000.000,55937000.000,87701000.000,99256000.000,108265000.000,108657000.000
ProceedsFromEquityMethodInvestmentDividendsOrDistributionsReturnOfCapital,,,,,,2775000.000,,,,,,,,,,,,
ProceedsFromIssuanceOfDebt,,,,,,250000000.000,,,,0.000,,,,,,,,
ProceedsFromSaleAndMaturityOfMarketableSecurities,,90000000.000,,,,316041000.000,,,,240054000.000,,,,115000000.000,,,,380741000.000
ProfitLoss,2214302000.000,2383548000.000,1044830000.000,1089231000.000,1693123000.000,1540184000.000,1307243000.000,-578960000.000,-92915000.000,1283019000.000,-316638000.000,-1766571000.000,-732772000.000,83168000.000,140834000.000,168823000.000,173278000.000,161831000.000
RealizedInvestmentGainsLosses,,,,,,,,,,,,,,3401000.000,6682000.000,-1436000.000,,-1872000.000
RepaymentsOfDebt,,6250000.000,,,,218750000.000,,,,0.000,,,,,,,,
Revenues,31906000.000,42539000.000,52414000.000,56786000.000,43183000.000,40431000.000,51560000.000,54243000.000,47660000.000,,51487000.000,50491000.000,,254490000.000,282716000.000,290230000.000,298310000.000,289585000.000
SalesRevenueNet,31906000.000,42539000.000,52414000.000,56786000.000,43183000.000,40431000.000,51560000.000,54243000.000,47660000.000,,51487000.000,50491000.000,,251089000.000,276034000.000,291666000.000,298310000.000,291457000.000
ShareBasedCompensation,7498000.000,6452000.000,7105000.000,7320000.000,7564000.000,9182000.000,10487000.000,10557000.000,11169000.000,11706000.000,16083000.000,12494000.000,14098000.000,13896000.000,14726000.000,19838000.000,15264000.000,14953000.000
ShareBasedCompensationArrangementByShareBasedPaymentAwardEquityInstrumentsOtherThanOptionsGrantsInPeriod,,,,,,1690418.000,,,,978128.000,,,,622676.000,,,,21362.000
StockIssuedDuringPeriodSharesNewIssues,,0.000,,,,,,,,,,,,,,,,
StockIssuedDuringPeriodValueNewIssues,,,,,,296650000.000,,,,237820000.000,,,,,,,,
TemporaryEquityForeignCurrencyTranslationAdjustments,,-97875000.000,,,,2461000.000,,,,-552223000.000,,,,4330000.000,,,,0.000
TemporaryEquityNetIncome,,2063965000.000,,,,1324832000.000,,,,1135598000.000,,,,-4282000.000,,,,9003000.000
TemporaryEquityStockIssuedDuringPeriodValueNewIssues,,1614894000.000,,,,1971832000.000,,,,2073402000.000,,,,11277000.000,,,,34786000.000
UnrealizedGainLossOnInvestments,,,,,,,,,,,,,,,,10231000.000,,24678000.000
UnrecognizedTaxBenefitsDecreasesResultingFromSettlementsWithTaxingAuthorities,,,,,,,,-2800000.000,,2000000.000,,,,3800000.000,,,,5700000.000
WeightedAverageNumberOfDilutedSharesOutstanding,,,,38239000.000,,39700000.000,43480000.000,43480000.000,,,,,,,,,,
WeightedAverageNumberOfShareOutstandingBasicAndDiluted,30181000.000,30186000.000,33020000.000,38239000.000,-66466000.000,39700000.000,43480000.000,43480000.000,-84078000.000,45063000.000,48372000.000,48440000.000,-92551000.000,61894000.000,62617000.000,62755000.000,-124701000.000,63022000.000
WeightedAverageNumberOfSharesOutstandingBasic,,,,38239000.000,,39700000.000,43480000.000,43480000.000,,,,,,,,,,
