,2011-06-30,2011-09-30,2012-03-31,2012-06-30,2012-09-30,2012-12-31,2013-03-31,2013-06-30,2013-09-30,2013-12-31,2014-03-31,2014-06-30,2014-09-30,2014-12-31,2015-03-31,2015-06-30,2015-09-30,2015-12-31,2016-03-31,2016-06-30,2016-09-30,2016-12-31,2017-03-31
AccrualForEnvironmentalLossContingenciesIncreaseDecreaseForRevisionInEstimates,,,,,,,,,,,,,,,,,388000.000,,86000.000,,,,
AdjustmentsNoncashItemsToReconcileNetIncomeLossToCashProvidedByUsedInOperatingActivities,,,187000.000,,,,,,,,,,,,,,,,,,,,
AdjustmentsToAdditionalPaidInCapitalEquityComponentOfConvertibleDebt,,,,,,,27691000.000,,,,,,,,,,,,,,,,
AdjustmentsToAdditionalPaidInCapitalOther,,,,,,,6442000.000,,,,3124000.000,,,,2222000.000,,,,820000.000,,,,-35000.000
AmortizationOfDebtDiscountPremium,,,,,,,284000.000,,,,,,,,,,,,,,,,
AmortizationOfFinancingCosts,,,,,,,829000.000,,,,901000.000,,,,1156000.000,,,,927000.000,,,,330000.000
AntidilutiveSecuritiesExcludedFromComputationOfEarningsPerShareAmount,,,,2712000.000,2661000.000,,2447000.000,1854000.000,1764000.000,-4262000.000,2051000.000,2503000.000,1959000.000,-4275000.000,10743000.000,10829000.000,10933000.000,-21641000.000,10468000.000,1987000.000,2001000.000,-12354000.000,1808000.000
AssetImpairmentCharges,,,,,,,,,,,,,94000.000,,504000.000,,,,,,,,37900000.000
BusinessAcquisitionsProFormaNetIncomeLoss,,,,,5508000.000,,,,,,,,,,,,,,,,,,
BusinessAcquisitionsProFormaRevenue,,,,,46972000.000,,,,,,,,,,,,,,,,,,
CashAndCashEquivalentsPeriodIncreaseDecrease,,,-11482000.000,,,,76292000.000,,,,-44328000.000,,,,-43865000.000,,,,46204000.000,,,,71634000.000
CashProvidedByUsedInInvestingActivitiesDiscontinuedOperations,,,,,,,,,,,,,,,,,,,,,,,0.000
CashProvidedByUsedInOperatingActivitiesDiscontinuedOperations,,,,,,,,,,,,,,,,,,,,,,,-3000000.000
CertainLoansAcquiredInTransferNotAccountedForAsDebtSecuritiesAccretableYieldAccretion,,,,-1093000.000,1056000.000,,1108000.000,,,,2172000.000,,,,869000.000,,,,,,,,
CertainLoansAcquiredInTransferNotAccountedForAsDebtSecuritiesAccretableYieldReclassificationsToNonaccretableDifference,,,,,,,657000.000,,,,376000.000,,,,30000.000,,,,,,,,
ComprehensiveIncomeNetOfTax,,,,,,,,541000.000,11830000.000,,8334000.000,14822000.000,5227000.000,-11800000.000,-8158000.000,-34507000.000,-164216000.000,-6166000.000,-4376000.000,9614000.000,9665000.000,43745000.000,25205000.000
ComprehensiveIncomeNetOfTaxIncludingPortionAttributableToNoncontrollingInterest,,,,,,,3951000.000,,,,,,,,,,,,,,,,
ConcentrationRiskPercentage1,,,,,,,,0.100,0.100,,0.100,0.100,0.100,-0.200,0.100,0.100,0.100,-0.200,0.100,0.100,,,
CostOfRealEstateSales,5991000.000,7760000.000,5774000.000,10578000.000,10806000.000,13242000.000,12095000.000,12414000.000,18603000.000,33516000.000,26064000.000,23419000.000,10662000.000,26287000.000,10362000.000,13890000.000,9588000.000,18800000.000,13262000.000,66877000.000,24884000.000,42630000.000,12032000.000
CostsAndExpenses,28412000.000,-33930000.000,19872000.000,31353000.000,45963000.000,74221000.000,87951000.000,56525000.000,64495000.000,80658000.000,68722000.000,72938000.000,57234000.000,107160000.000,56718000.000,110982000.000,136170000.000,124114000.000,43896000.000,86114000.000,41452000.000,52245000.000,60285000.000
CurrentIncomeTaxExpenseBenefit,,,,,,,,,,,,,,,,,27000.000,,,,,,
DebtInstrumentConvertibleConversionRatio,,,,,,,40.835,,,,,,,,,,,,,,,,
DebtInstrumentConvertibleEffectiveInterestRate,,,,,,,0.080,,,,,,,,,,,,,,,,
DebtIssuanceCosts,,,,,,,4192000.000,,,,,,,,,,,,,,,,
DeferredCompensationArrangementWithIndividualCompensationExpense,,,,,,,,,,,,,,,116000.000,38000.000,41000.000,33000.000,164000.000,76000.000,75000.000,73000.000,52000.000
DeferredIncomeTaxExpenseBenefit,,,-1464000.000,,,,649000.000,,,,2976000.000,,,,-4359000.000,,-34678000.000,,,,,,
Depletion,,,97000.000,,,,,,,,,,,,,,,,,,,,
DepreciationDepletionAndAmortization,,,2267000.000,,,,6292000.000,,,,7439000.000,,,,11325000.000,,,,4785000.000,,,,1485000.000
DiscontinuedOperationIncomeLossFromDiscontinuedOperationBeforeIncomeTax,,,,,,,,,,,,,,,,,,,,-1210000.000,-3246000.000,,-51000.000
DiscontinuedOperationIncomeLossFromDiscontinuedOperationNetOfTaxPerDilutedShare,,,,,,,,,,,,,,,,,,,,-0.050,-0.170,,0.010
DiscontinuedOperationTaxEffectOfDiscontinuedOperation,,,,,,,,,,,,,,,,,,,,-2758000.000,4873000.000,,-469000.000
DisposalGroupIncludingDiscontinuedOperationCostsOfGoodsSold,,,,,,,,,,,,,,,,,,,,1521000.000,108000.000,,6000.000
DisposalGroupIncludingDiscontinuedOperationOtherExpense,,,,,,,,,,,,,,,,,,,,1066000.000,3318000.000,,54000.000
DisposalGroupIncludingDiscontinuedOperationRevenue,,,,,,,,,,,,,,,,,,,,1377000.000,180000.000,,9000.000
DisposalGroupNotDiscontinuedOperationGainLossOnDisposal,,,,,,,,,,,,,,,,,,,,-3596000.000,955000.000,,0.000
EarningsPerShareBasic,-0.110,1.030,0.080,0.020,-0.020,0.290,0.110,0.020,0.330,0.350,0.200,0.340,0.120,-0.280,-0.240,-1.010,-4.790,-0.180,-0.130,0.230,0.230,1.070,0.600
EarningsPerShareDiluted,,1.020,0.080,0.020,-0.020,0.280,0.110,0.020,0.330,0.340,0.190,0.340,0.120,-0.270,-0.240,-1.010,-4.790,-0.180,-0.130,0.230,0.230,1.050,0.590
EffectiveIncomeTaxRateContinuingOperations,,,,0.330,0.740,,0.280,0.430,0.290,-0.830,0.340,0.350,0.350,-0.700,0.350,0.380,0.640,-1.190,0.380,0.550,-1.240,0.480,-0.400
EffectiveIncomeTaxRateReconciliationChangeInEnactedTaxRate,,,,,0.380,,,,,,,,,,,,,,,,,,
EffectiveIncomeTaxRateReconciliationMinorityInterestIncomeExpense,,,,,,,0.080,,,,0.020,,,,0.020,,,,,,,,
EffectiveIncomeTaxRateReconciliationNondeductibleExpenseImpairmentLosses,,,,,,,,,,,,,,,,,,,0.050,,,,
EffectiveIncomeTaxRateReconciliationNondeductibleExpenseShareBasedCompensationCost,,,,,,,,,,,,,,,0.020,,,,,,,,
EffectiveIncomeTaxRateReconciliationStateAndLocalIncomeTaxes,,,,,,,,,,,,,,,,,,,0.030,,,,
EmployeeServiceShareBasedCompensationCashFlowEffectCashUsedToSettleAwards,,,,,,,4832000.000,,,,,,,,,,,,,,,,
EquityMethodInvestmentDeferredGainOnSale,,,,,,,,,,,,,,,1587000.000,,,,1496000.000,,,,
EquityMethodInvestmentDividendsOrDistributions,,,,,,,,,,,1018000.000,,,,2845000.000,,,,1304000.000,,,,4974000.000
EquityMethodInvestmentRealizedGainLossOnDisposal,,,11675000.000,,,,,,,,,,,,,,,,,,,,
EquityMethodInvestmentSummarizedFinancialInformationIncomeLossFromContinuingOperationsBeforeExtraordinaryItems,,,,886000.000,758000.000,,759000.000,4460000.000,6268000.000,5175000.000,3669000.000,4031000.000,4335000.000,13253000.000,5310000.000,10512000.000,5825000.000,37673000.000,-235000.000,404000.000,4334000.000,4616000.000,12221000.000
EquityMethodInvestmentSummarizedFinancialInformationNetIncomeLoss,,,,768000.000,680000.000,,,,,,,,,,,,,,,,,,
EquityMethodInvestmentSummarizedFinancialInformationRevenue,,,,6232000.000,6042000.000,,9276000.000,9337000.000,12307000.000,20632000.000,8895000.000,7037000.000,8696000.000,17815000.000,16372000.000,33774000.000,24136000.000,51447000.000,8360000.000,6621000.000,16531000.000,14618000.000,22301000.000
ExcessTaxBenefitFromShareBasedCompensationFinancingActivities,,,390000.000,,,,54000.000,,,,20000.000,,,,1000.000,,,,0.000,,,,
ExplorationAbandonmentAndImpairmentExpense,,,,,,,,,,,,,,,86000.000,,,,0.000,,,,
GainLossOnDispositionOfAssets1,,,,,,,,,,,,16867000.000,11110000.000,,1176000.000,838000.000,-1749000.000,614000.000,2604000.000,,,,74215000.000
GainLossOnSaleOfProvedProperty,,,,,,,,,,,,,,,,,,,-10977000.000,-3596000.000,,,
GainsLossesOnExtinguishmentOfDebt,,,,,4448000.000,,,,,,,,,,,,,,,-35766000.000,0.000,,
GainsLossesOnSalesOfAssets,,61784000.000,11675000.000,3401000.000,10196000.000,711000.000,,0.000,0.000,,,,,,,,,,,,,,
GeneralAndAdministrativeExpense,6849000.000,2770000.000,6963000.000,6749000.000,11298000.000,7310000.000,10470000.000,5830000.000,5945000.000,6131000.000,5145000.000,6856000.000,5140000.000,5089000.000,8142000.000,4901000.000,9467000.000,4743000.000,6479000.000,4852000.000,5177000.000,5089000.000,4691000.000
GoodwillWrittenOffRelatedToSaleOfBusinessUnit,,,,,,,,,,,,,,,,,,,7244000.000,,,,
ImpairmentOfLeasehold,,,,,,,,,,,,,,,,20903000.000,15858000.000,,,,,,
ImpairmentOfLongLivedAssetsHeldForUse,,,,,,,,,,,,,,,,,,,,48826000.000,,,
ImpairmentOfLongLivedAssetsToBeDisposedOf,,,,,,,,,,,,,,,,,1361000.000,,,,,,
ImpairmentOfOilAndGasProperties,,,,,,,,,,,,,,,,,81240000.000,,,,,,
IncomeLossFromContinuingOperations,,,,,,,,,,,,,,,,,,,,12302000.000,17439000.000,,24827000.000
IncomeLossFromContinuingOperationsBeforeIncomeTaxesExtraordinaryItemsNoncontrollingInterest,,56574000.000,5117000.000,2203000.000,-1458000.000,20030000.000,7035000.000,,9965000.000,,13665000.000,22799000.000,7994000.000,-18713000.000,-12596000.000,-55062000.000,-100095000.000,-11983000.000,-6922000.000,27231000.000,7773000.000,64264000.000,41038000.000
IncomeLossFromContinuingOperationsIncludingPortionAttributableToNoncontrollingInterest,,,,,,,,2109000.000,,,,,,,,,,,,,,,
IncomeLossFromContinuingOperationsPerBasicShare,,,,,,,,,,,,,,,,,,,,0.280,0.400,,0.590
IncomeLossFromContinuingOperationsPerDilutedShare,,,,,,,,,,,,,,,,,,,,0.280,0.400,,0.580
IncomeLossFromDiscontinuedOperationsNetOfTaxAttributableToReportingEntity,,,,,,,,,,,,,,,,,,,,-2048000.000,-7164000.000,,418000.000
IncomeLossFromDiscontinuedOperationsNetOfTaxPerBasicShare,,,,,,,,,,,,,,,,,,,,-0.050,-0.170,,0.010
IncomeLossFromEquityMethodInvestments,402000.000,648000.000,724000.000,768000.000,680000.000,12297000.000,913000.000,2566000.000,3125000.000,2133000.000,991000.000,958000.000,2016000.000,4720000.000,3045000.000,5584000.000,2909000.000,4470000.000,47000.000,188000.000,3637000.000,2251000.000,6362000.000
IncomeTaxExpenseBenefit,-2828000.000,19609000.000,1620000.000,732000.000,-1078000.000,6742000.000,1993000.000,911000.000,-2932000.000,7236000.000,4658000.000,8051000.000,2755000.000,-6807000.000,-4359000.000,-20744000.000,64236000.000,-6498000.000,-2626000.000,14929000.000,-9666000.000,12665000.000,16211000.000
IncreaseDecreaseInAccountsAndNotesReceivable,,,1153000.000,,,,-643000.000,,,,-7433000.000,,,,-7016000.000,,,,-13979000.000,,,,1925000.000
IncreaseDecreaseInAccountsPayableAndAccruedLiabilities,,,-7824000.000,,,,-17103000.000,,,,-15104000.000,,,,-15644000.000,,,,-6702000.000,,,,-5764000.000
IncreaseDecreaseInAccruedIncomeTaxesPayable,,,-5795000.000,,,,833000.000,,,,-2167000.000,,,,5411000.000,,,,-2303000.000,,,,15433000.000
IncreaseDecreaseInDeferredIncomeTaxes,,,,,,,,,,,,,,,,,,,0.000,,,,-29000.000
IncreaseDecreaseInPrepaidDeferredExpenseAndOtherAssets,,,-203000.000,,,,26000.000,,,,-790000.000,,,,-2695000.000,,,,660000.000,,,,647000.000
IncrementalCommonSharesAttributableToEquityForwardAgreements,,,,,,,,,,,7857000.000,7857000.000,7857000.000,,0.000,0.000,0.000,,0.000,7857000.000,7857000.000,,0.000
IncrementalCommonSharesAttributableToShareBasedPaymentArrangements,,,,190000.000,,,,,662000.000,,480000.000,373000.000,513000.000,-944000.000,0.000,0.000,0.000,0.000,0.000,264000.000,304000.000,-295000.000,309000.000
InterestExpense,4653000.000,4271000.000,3891000.000,3664000.000,8094000.000,3714000.000,4539000.000,5122000.000,5231000.000,5112000.000,5503000.000,7370000.000,8634000.000,8779000.000,8821000.000,8715000.000,8315000.000,8215000.000,7639000.000,6918000.000,3369000.000,2059000.000,2235000.000
MinorityInterestDecreaseFromDistributionsToNoncontrollingInterestHolders,,,-632000.000,,,,,,,,498000.000,,,,338000.000,,,,171000.000,,,,
MinorityInterestDecreaseFromRedemptions,,,,,,,,,,,6241000.000,,,,,,,,,,,,
MinorityInterestPeriodIncreaseDecrease,,,,,,,39000.000,,,,,,,,,,,,,,,,
NetCashProvidedByUsedInFinancingActivities,,,6619000.000,,,,57346000.000,,,,-21677000.000,,,,-396000.000,,,,-10254000.000,,,,-676000.000
NetCashProvidedByUsedInFinancingActivitiesContinuingOperations,,,6619000.000,,,,57346000.000,,,,-21677000.000,,,,-396000.000,,,,-10254000.000,,,,-676000.000
NetCashProvidedByUsedInInvestingActivities,,,29413000.000,,,,-13501000.000,,,,-28194000.000,,,,-24703000.000,,,,51449000.000,,,,74689000.000
NetCashProvidedByUsedInInvestingActivitiesContinuingOperations,,,29413000.000,,,,-13501000.000,,,,-28194000.000,,,,-24703000.000,,,,51449000.000,,,,74689000.000
NetCashProvidedByUsedInOperatingActivities,,,-47514000.000,,,,32447000.000,,,,5543000.000,,,,-18766000.000,,,,5009000.000,,,,-2379000.000
NetCashProvidedByUsedInOperatingActivitiesContinuingOperations,,,-47514000.000,,,,32447000.000,,,,5543000.000,,,,-18766000.000,,,,5009000.000,,,,-2379000.000
NetIncomeLoss,-3921000.000,36428000.000,2802000.000,811000.000,-703000.000,10032000.000,3951000.000,541000.000,11830000.000,12999000.000,8334000.000,14822000.000,5227000.000,-11800000.000,-8158000.000,-34507000.000,-164216000.000,-6166000.000,-4376000.000,9614000.000,9665000.000,43745000.000,25205000.000
NetIncomeLossAttributableToNoncontrollingInterest,-405000.000,537000.000,695000.000,660000.000,323000.000,3256000.000,1091000.000,657000.000,1067000.000,2925000.000,673000.000,-74000.000,12000.000,-106000.000,-79000.000,189000.000,-115000.000,681000.000,80000.000,640000.000,610000.000,201000.000,40000.000
NetIncomeLossAttributableToParentDiluted,,,,,,,,,,,,,,,,,,,,11662000.000,16829000.000,,24787000.000
NetIncomeLossAvailableToCommonStockholdersBasic,,,,,,,,,,,7039000.000,12133000.000,4280000.000,-9887000.000,-8158000.000,-34507000.000,-164216000.000,-6166000.000,-4376000.000,,,,
NoncontrollingInterestDecreaseFromDeconsolidation,,,,,,,,,,,1342000.000,,,,,,,,,,,,
OilAndGasProductionExpense,438000.000,597000.000,1375000.000,978000.000,1865000.000,7958000.000,7834000.000,8838000.000,10090000.000,15305000.000,12620000.000,16926000.000,18470000.000,50355000.000,11542000.000,70141000.000,95553000.000,47164000.000,5194000.000,160000.000,182000.000,-4773000.000,38315000.000
OilAndGasRevenue,4580000.000,5871000.000,9426000.000,7148000.000,10479000.000,17167000.000,15504000.000,15831000.000,22095000.000,18883000.000,17554000.000,24377000.000,24145000.000,18224000.000,13185000.000,16165000.000,13485000.000,10104000.000,5352000.000,1337000.000,1423000.000,-3036000.000,1497000.000
OperatingCostsAndExpenses,10483000.000,11771000.000,12750000.000,11441000.000,14691000.000,16331000.000,,,,,,,,,,,,,,,,,
OperatingIncomeLoss,-2927000.000,60171000.000,8220000.000,3959000.000,4843000.000,10143000.000,9520000.000,3554000.000,10612000.000,22891000.000,15883000.000,26942000.000,12716000.000,-16783000.000,-7737000.000,-52714000.000,-94751000.000,-9482000.000,596000.000,69528000.000,6256000.000,63974000.000,36235000.000
OtherComprehensiveIncomeLossNetOfTax,,,,,-703000.000,,,,,,,,,,,,,,,,,,
OtherComprehensiveIncomeLossNetOfTaxPeriodIncreaseDecrease,,,2802000.000,811000.000,,,,,,,,,,,,,,,,,,,
OtherCostAndExpenseOperating,,,,,,,15909000.000,13079000.000,16051000.000,15320000.000,13997000.000,16330000.000,12860000.000,15496000.000,18060000.000,13642000.000,13963000.000,13694000.000,13414000.000,8317000.000,6471000.000,4975000.000,4957000.000
OtherCostOfOperatingRevenue,,,,,,,692000.000,516000.000,454000.000,371000.000,776000.000,801000.000,711000.000,718000.000,920000.000,860000.000,819000.000,482000.000,385000.000,119000.000,363000.000,4208000.000,301000.000
OtherNoncashIncomeExpense,,,,,,,-129000.000,,,,-1370000.000,,,,-982000.000,,,,-1820000.000,,,,-945000.000
OtherNonoperatingIncome,24000.000,26000.000,64000.000,1140000.000,1113000.000,1304000.000,1141000.000,1111000.000,1459000.000,3248000.000,2294000.000,2269000.000,1896000.000,2129000.000,917000.000,783000.000,62000.000,1244000.000,74000.000,199000.000,1249000.000,196000.000,676000.000
OtherSalesRevenueNet,,,,,,,3278000.000,3029000.000,2656000.000,1758000.000,1571000.000,3463000.000,2250000.000,2078000.000,1790000.000,1856000.000,1726000.000,1280000.000,438000.000,274000.000,487000.000,766000.000,56000.000
PaymentsForProceedsFromOtherInvestingActivities,,,,,,,,,,,0.000,,,,,,,,,,,,
PaymentsForRestructuring,,,,,,,,,,,,,,,3644000.000,,,,3198000.000,,,,
PaymentsOfFinancingCosts,,,31000.000,,,,470000.000,,,,0.000,,,,6000.000,,,,0.000,,,,
PaymentsRelatedToTaxWithholdingForShareBasedCompensation,,,,,,,,,,,879000.000,,,,723000.000,,,,205000.000,,,,980000.000
PaymentsToAcquireAdditionalInterestInSubsidiaries,,,,,,,,,,,7971000.000,,,,0.000,,,,,,,,
PaymentsToAcquireAndDevelopRealEstate,,,36750000.000,,,,17568000.000,,,,35035000.000,,,,34769000.000,,,,14794000.000,,,,13740000.000
PaymentsToAcquireEquityMethodInvestments,,,117000.000,,,,745000.000,,,,,,,,831000.000,,,,3019000.000,,,,1915000.000
PaymentsToAcquireInterestInJointVenture,,,,,,,,,,,4293000.000,,,,831000.000,,,,,,,,
PaymentsToAcquireOilAndGasPropertyAndEquipment,,,1968000.000,,,,12980000.000,,,,19357000.000,,,,23718000.000,,,,426000.000,,,,2400000.000
PaymentsToAcquireProductiveAssets,,,863000.000,,,,915000.000,,,,4699000.000,,,,2809000.000,,,,3501000.000,,,,17000.000
PaymentsToMinorityShareholders,,,40000.000,,,,,,,,498000.000,,,,338000.000,,,,171000.000,,,,0.000
ProceedsFromConvertibleDebt,,,,,,,121250000.000,,,,0.000,,,,,,,,,,,,
ProceedsFromEquityMethodInvestmentDividendsOrDistributionsReturnOfCapital,,,,,,,,,,,155000.000,,,,655000.000,,,,1567000.000,,,,1511000.000
ProceedsFromIssuanceOfLongTermDebt,,,33692000.000,,,,27712000.000,,,,2608000.000,,,,3119000.000,,,,1307000.000,,,,304000.000
ProceedsFromPaymentsForOtherFinancingActivities,,,32000.000,,,,39000.000,,,,,,,,,,,,,,,,
ProceedsFromSaleOfEquityMethodInvestments,,,32095000.000,,,,,,,,,,,,,,,,,,,,
ProceedsFromSaleOfOilAndGasPropertyAndEquipment,,,,,,,,,,,,,,,2000000.000,,,,32227000.000,46986000.000,,,
ProceedsFromSalesOfAssetsInvestingActivities,,,,,,,,,,,,,,,,,,,56828000.000,,,,77510000.000
ProceedsFromStockOptionsExercised,,,1138000.000,,,,533000.000,,,,754000.000,,,,14000.000,,,,0.000,,,,
ProfitLoss,-4326000.000,36965000.000,3497000.000,1471000.000,-380000.000,13288000.000,5042000.000,1198000.000,12897000.000,15924000.000,9007000.000,14748000.000,5239000.000,-11906000.000,-8237000.000,-34318000.000,-164331000.000,-5485000.000,-4296000.000,10254000.000,10275000.000,43946000.000,25245000.000
RealEstateRevenueNet,19615000.000,19060000.000,17922000.000,26647000.000,27115000.000,48431000.000,78689000.000,41219000.000,50356000.000,77747000.000,65480000.000,55173000.000,32445000.000,60014000.000,32830000.000,39409000.000,27957000.000,102634000.000,36098000.000,46381000.000,45297000.000,62497000.000,20752000.000
RecognitionOfDeferredRevenue,,,-1022000.000,,,,2429000.000,,,,132000.000,,,,-81000.000,,,,,,,,
RecoveryOfDirectCosts,,,-108000.000,,,,209000.000,,,,1536000.000,,,,-4130000.000,,,,-306000.000,,,,-1180000.000
RepaymentsOfLongTermDebt,,,27414000.000,,,,90748000.000,,,,15711000.000,,,,2463000.000,,,,11185000.000,,,,0.000
RestrictedStockExpense,,,,508000.000,514000.000,,395000.000,61000.000,,,,,,,,,,,,,,,
RestructuringCharges,,,,,,,,,,,,,,,2818000.000,,,,2563000.000,,,,
ResultsOfOperationsDryHoleCosts,,,,,,,,,,,1626000.000,,,,,,,,,,,,
Revenues,25485000.000,26241000.000,28092000.000,35312000.000,40610000.000,68577000.000,97471000.000,60079000.000,75107000.000,98388000.000,84605000.000,83013000.000,58840000.000,80316000.000,47805000.000,57430000.000,43168000.000,114018000.000,41888000.000,47992000.000,47207000.000,60227000.000,22305000.000
SalesOfRealEstate,12576000.000,11802000.000,10644000.000,19349000.000,18310000.000,33156000.000,24518000.000,23358000.000,37001000.000,67807000.000,55547000.000,44124000.000,23067000.000,48934000.000,21961000.000,28300000.000,18369000.000,51392000.000,26408000.000,43018000.000,45285000.000,61824000.000,20752000.000
SalesRevenueNet,25485000.000,26241000.000,28092000.000,35312000.000,40610000.000,68577000.000,97471000.000,60079000.000,75107000.000,98388000.000,84605000.000,83013000.000,58840000.000,80316000.000,47805000.000,57430000.000,43168000.000,114018000.000,41888000.000,47992000.000,47207000.000,60227000.000,22305000.000
ShareBasedCompensation,,,5231000.000,-67000.000,6327000.000,3438000.000,10415000.000,1460000.000,3492000.000,1442000.000,313000.000,3219000.000,991000.000,-1106000.000,3342000.000,-15000.000,2204000.000,-1285000.000,1380000.000,336000.000,949000.000,1372000.000,843000.000
ShareBasedCompensationArrangementByShareBasedPaymentAwardAcceleratedCompensationCost,,,,,,,,,,,760000.000,,,,517000.000,,,,600000.000,,,,
ShareBasedCompensationArrangementByShareBasedPaymentAwardFairValueAssumptionsExpectedVolatilityRate,,,,,,,0.668,,,,,,,,,,,,,,,,
ShareBasedCompensationArrangementByShareBasedPaymentAwardFairValueAssumptionsRiskFreeInterestRate,,,,,,,0.014,,,,,,,,,,,,,,,,
ShareBasedCompensationArrangementByShareBasedPaymentAwardOptionsGrantsInPeriodWeightedAverageGrantDateFairValue,,,,,,,11.470,,,,,,,,,,,,,,,,
SharesPaidForTaxWithholdingForShareBasedCompensation,,,,,,,,,,,46314.000,,,,48636.000,,,,23691.000,,,,75870.000
StockIssuedDuringPeriodSharesShareBasedCompensation,,,,,,,,,,,167747.000,,,,157201.000,,,,165167.000,,,,182152.000
StockOptionPlanExpense,,,,670000.000,657000.000,,1654000.000,1424000.000,,,,,,,,,,,,,,,
StockholdersEquityOther,,,,,,,-6445000.000,,,,,,,,,,,,,,,,
TimberOperatingCosts,285000.000,349000.000,128000.000,370000.000,570000.000,593000.000,,,,,,,,,,,,,,,,,
TimberRevenue,1290000.000,1310000.000,744000.000,1517000.000,3016000.000,2979000.000,,,,,,,,,,,,,,,,,
UndistributedEarningsAllocatedToParticipatingSecurities,,,,,,,,,,,1295000.000,,,,,,,,,,,,
UndistributedEarningsLossAllocatedToParticipatingSecuritiesBasic,,,,,,,,,,,,2689000.000,947000.000,,0.000,0.000,0.000,0.000,0.000,,,,
UnrecognizedTaxBenefitsIncomeTaxPenaltiesAndInterestExpense,,,,,,,,,,,0.000,,,,,,,,,,,,
ValuationAllowanceDeferredTaxAssetChangeInAmount,,,,,,,,,,,,,,,,,-98887000.000,,,,,,
WeightedAverageNumberOfDilutedSharesOutstanding,,35796000.000,35169000.000,35425000.000,35233000.000,-70345000.000,35722000.000,36052000.000,36072000.000,-71033000.000,43913000.000,43688000.000,43868000.000,-87873000.000,34168000.000,34278000.000,34299000.000,-68479000.000,34302000.000,42423000.000,42260000.000,-76651000.000,42406000.000
WeightedAverageNumberOfSharesOutstandingBasic,35448000.000,35514000.000,34855000.000,35235000.000,35233000.000,-70109000.000,35259000.000,35351000.000,35410000.000,-70655000.000,35576000.000,35458000.000,35498000.000,-71215000.000,34168000.000,34278000.000,34299000.000,-68479000.000,34302000.000,34302000.000,34099000.000,-68157000.000,42097000.000
