,2011-09-30,2012-03-31,2012-09-30,2013-03-31,2013-06-30,2013-09-30,2013-12-31,2014-03-31,2014-06-30,2014-09-30,2014-12-31,2015-03-31,2015-06-30,2015-09-30,2015-12-31,2016-03-31,2016-06-30,2016-09-30,2016-12-31,2017-03-31
AccretionExpense,,,,,,,,86087.000,,,,,,,,,,,,
AdjustmentsToAdditionalPaidInCapitalShareBasedCompensationRestrictedStockUnitsRequisiteServicePeriodRecognition,,,,,,,,,,,,115068.000,,,,,,,,
AdjustmentsToAdditionalPaidInCapitalShareBasedCompensationStockOptionsRequisiteServicePeriodRecognition,,,,,,,,,,,,190364.000,,,,69407.000,,,,88442.000
AdjustmentsToAdditionalPaidInCapitalStockIssuedIssuanceCosts,,28000.000,,60783.000,,,,170165.000,,,,,,,,,,,,
AdjustmentsToAdditionalPaidInCapitalWarrantIssued,,,,,,,,,,,,,,,,6359.000,,,,33211.000
AdvertisingExpense,,,,,,,,53628.000,123646.000,41629.000,108580.000,109549.000,25058.000,1464.000,-17035.000,,,,,
AllocatedShareBasedCompensationExpense,,,,,,,,,272792.000,268115.000,,305432.000,89612.000,,,,,94502.000,,88442.000
AmortizationOfDebtDiscountPremium,1418.000,37105.000,,,,,,86087.000,,,,,,,,38670.000,,,,62349.000
AmortizationOfDeferredCharges,,,,,,,,,,,,,,,,20625.000,,,,
AmortizationOfFinancingCosts,0.000,0.000,,,,,,,,,,,,,,,,,,
CashAndCashEquivalentsPeriodIncreaseDecrease,,1327995.000,,-1994988.000,,,,2355604.000,,,,-196568.000,,,,34162.000,,,,-48270.000
ComprehensiveIncomeNetOfTax,,,,,,,,-5783036.000,-1900615.000,-2864605.000,1043678.000,-3064711.000,-2288579.000,-627059.000,-1622295.000,-2168945.000,-696970.000,-682768.000,-1272236.000,
CostsAndExpenses,642157.000,1509290.000,2020652.000,2687094.000,3380307.000,5310035.000,4605741.000,3487728.000,4061300.000,4155127.000,3382093.000,3169197.000,2076168.000,849042.000,1406552.000,2035142.000,563720.000,546840.000,1147636.000,1161422.000
DebtConversionConvertedInstrumentAmount1,,,,,,,,,,,,,,,,6359.000,,,,33210.000
DebtInstrumentConvertibleBeneficialConversionFeature,,,,,,,,1648825.000,,,,,,,,,,,,
Depreciation,,,,,,,,8389.000,11899.000,18726.000,20992.000,20239.000,20738.000,18826.000,17063.000,,,,,
DepreciationDepletionAndAmortization,,2235.000,,11671.000,,,,18518.000,,,,28719.000,,,,11467.000,,,,10669.000
DividendsPreferredStock,,,,,,,,,,439397.000,,264605.000,267545.000,280223.000,268281.000,268280.000,268281.000,268280.000,268281.000,268280.000
EarningsPerShareBasicAndDiluted,-0.010,-0.020,-0.020,-0.030,-0.030,-0.050,-0.040,-0.070,-0.050,-0.030,0.010,-0.030,-0.020,-0.010,-0.010,-0.020,-0.010,-0.010,-0.010,-0.010
EffectOfExchangeRateOnCashAndCashEquivalentsContinuingOperations,,,,,,,,-17580.000,,,,114475.000,,,,,,,,
EmbeddedDerivativeGainLossOnEmbeddedDerivativeNet,,,,,,,,-2185375.000,2184750.000,1194600.000,4319691.000,,,,,,,,,
ForeignCurrencyTransactionGainLossBeforeTax,,,,,,,,,,,,,,206933.000,,,,,,
GainLossOnDispositionOfAssets,,,,,,,,-8109.000,,,,-895.000,,,,7403.000,,,,
GainLossOnSaleOfPropertyPlantEquipment,,,,,,,,,,,,,,,,,,-2956.000,,
GeneralAndAdministrativeExpense,64087.000,341178.000,320052.000,361220.000,564235.000,587343.000,3054638.000,1217303.000,1284536.000,1555652.000,1321153.000,1492252.000,798833.000,385968.000,715733.000,1718228.000,359885.000,401565.000,480137.000,507793.000
IncomeTaxExpenseBenefit,,,0.000,,,,,,,,,0.000,0.000,0.000,,0.000,,,,
IncreaseDecreaseInAccountsPayableAndAccruedLiabilities,,326480.000,,-301789.000,,,,-553194.000,,,,59617.000,,,,193770.000,,,,420185.000
IncreaseDecreaseInAccountsReceivable,,248.000,,88.000,,,,285.000,,,,-57.000,,,,,,,,
IncreaseDecreaseInDeferredRevenue,,,,,,,,,,,,5207.000,,,,,,,,
IncreaseDecreaseInDepositOtherAssets,,25544.000,,8900.000,,,,228831.000,,,,-7253.000,,,,-31800.000,,,,
IncreaseDecreaseInInsuranceSettlementsReceivable,,,,-75000.000,,,,-4325.000,,,,,,,,,,,,
IncreaseDecreaseInPrepaidExpense,,34589.000,,3464.000,,,,59618.000,,,,-265390.000,,,,-55500.000,,,,
InterestExpense,1418.000,37106.000,,,,,,94280.000,285.000,,,14247.000,62998.000,88739.000,136920.000,142231.000,134347.000,132985.000,124600.000,189568.000
InterestExpenseDebt,,,,,,,,,,,,14247.000,62998.000,,,,,,,
InterestPaid,,,,,,,,8193.000,,,,,,,,,,,,
InvestmentIncomeInterest,50.000,317.000,1910.000,3489.000,2825.000,3167.000,1250.000,1502.000,2439.000,1959.000,702.000,149.000,150.000,40.000,5.000,,,,,
IssuanceOfStockAndWarrantsForServicesOrClaims,,,,,,,,,,,,115068.000,,,,,,,,6875.000
LaborAndRelatedExpense,,206976.000,886215.000,1093979.000,1302376.000,1515701.000,,,,,,,,,,,,,,
LineOfCreditFacilityCommitmentFeeAmount,,,,,,,,,,,,,,,,,,,,54405.000
NetCashProvidedByUsedInFinancingActivities,,2567650.000,,839217.000,,,,6495978.000,,,,2000000.000,,,,483500.000,,,,714200.000
NetCashProvidedByUsedInFinancingActivitiesContinuingOperations,,2567650.000,,839217.000,,,,6495978.000,,,,2000000.000,,,,483500.000,,,,714200.000
NetCashProvidedByUsedInInvestingActivities,,-90169.000,,-114612.000,,,,-106375.000,,,,-33170.000,,,,,,,,
NetCashProvidedByUsedInInvestingActivitiesContinuingOperations,,-90169.000,,-114612.000,,,,-106375.000,,,,-33170.000,,,,,,,,
NetCashProvidedByUsedInOperatingActivities,,-1149486.000,,-2719593.000,,,,-4016419.000,,,,-2277873.000,,,,-449338.000,,,,-762470.000
NetCashProvidedByUsedInOperatingActivitiesContinuingOperations,,-1149486.000,,-2719593.000,,,,-4016419.000,,,,-2277873.000,,,,-449338.000,,,,-762470.000
NetIncomeLoss,-641825.000,-1544911.000,-2018734.000,-2683517.000,-3377424.000,-5305486.000,-4609945.000,-5765456.000,-1873143.000,-2957832.000,941593.000,-3179186.000,-2133739.000,-725952.000,-1622295.000,-2168945.000,-696970.000,-682768.000,-1272236.000,-1350990.000
NetIncomeLossAvailableToCommonStockholdersBasic,,,,,,,,-8131875.000,-5362143.000,-3397229.000,281500.000,-3443791.000,-2401284.000,-1006175.000,-1890576.000,-2437225.000,-965251.000,-951048.000,-1540517.000,-1619270.000
NonoperatingIncomeExpense,-1368.000,-36789.000,1910.000,3489.000,2825.000,3167.000,-5132.000,-2278153.000,2186904.000,1196559.000,4320392.000,-14098.000,-62848.000,118234.000,-225047.000,-134828.000,-133262.000,-135941.000,-124600.000,-189568.000
OperatingIncomeLoss,,,,,,,,-3487303.000,-4060047.000,-4154391.000,-3378799.000,-3165088.000,-2070891.000,-844186.000,-1397248.000,-2034117.000,-563708.000,-546827.000,-1147636.000,-1161422.000
OperatingLeasesRentExpenseNet,,,54640.000,55648.000,71223.000,117447.000,131720.000,138843.000,172028.000,161326.000,132678.000,156677.000,72594.000,42991.000,15244.000,7998.000,3417.000,0.000,1645.000,34950.000
OtherComprehensiveIncomeForeignCurrencyTransactionAndTranslationAdjustmentNetOfTaxPortionAttributableToParent,,,,,,,,-17580.000,,,,,,,,,,,,
OtherComprehensiveIncomeLossForeignCurrencyTransactionAndTranslationAdjustmentNetOfTax,,,,,,,,-17580.000,-27472.000,93227.000,102085.000,114475.000,-154840.000,98893.000,-206933.000,,,,,
OtherComprehensiveIncomeLossNetOfTaxPortionAttributableToParent,,,,,,,,-17580.000,-27472.000,93227.000,102085.000,114475.000,-154840.000,98893.000,0.000,,,,,
OtherCostAndExpenseOperating,,,,,,,,885974.000,818598.000,871093.000,681614.000,590870.000,505924.000,283310.000,263223.000,247573.000,168566.000,136395.000,277518.000,446711.000
OtherGeneralExpense,,,,,,,,187039.000,188102.000,281409.000,158533.000,61838.000,58872.000,46110.000,33596.000,34238.000,36337.000,4680.000,0.000,
OtherNonoperatingIncome,,,,,,,,,,,,,,,,,1085.000,,,
PaymentsOfStockIssuanceCosts,,28000.000,,60783.000,,,,170165.000,,,,,,,,,,,,
PaymentsToAcquireIntangibleAssets,,74957.000,,91745.000,,,,54624.000,,,,28041.000,,,,,,,,
PaymentsToAcquireMachineryAndEquipment,,15212.000,,22867.000,,,,51751.000,,,,5129.000,,,,,,,,
PreferredStockAccretionOfRedemptionDiscount,,,,,,,,1648825.000,,,,,,,,,,,,
PriorPeriodReclassificationAdjustment,,,,,,,,,,,,,,,,,48125.000,,,
ProceedsFromIssuanceOfCommonStock,,2745650.000,,900000.000,,,,,,,,,,,,,,,,
ProceedsFromIssuanceOfPreferredStockPreferenceStockAndWarrants,,,,,,,,5045000.000,,,,,,,,,,,,
ProceedsFromIssuanceOfPrivatePlacement,,,,900000.000,,,,7500000.000,,,,,,,,,,,,
ProceedsFromNotesPayable,,,,,,,,,,,,2000000.000,,,,,,,,
ProceedsFromOtherShortTermDebt,,,,,,,,,,,,,,,,,,,,25000.000
ProceedsFromRelatedPartyDebt,,,,,,,,,,,,,,,,483500.000,,,,200000.000
ProceedsFromStockOptionsExercised,,,,,,,,75000.000,,,,,,,,,,,,
ProceedsFromWarrantExercises,,,,,,,,2546143.000,,,,,,,,,,,,
ProfessionalAndContractServicesExpense,297417.000,641849.000,242116.000,289744.000,607787.000,1034270.000,,,280048.000,251533.000,,135000.000,203500.000,1667.000,110875.000,,,,,
ProfessionalFees,79526.000,144913.000,118724.000,231895.000,164112.000,256296.000,124672.000,,,,,,,,,,,,,
ProvisionForDoubtfulAccounts,,,,,,,,,,,,,,,,360.000,,,,
RedeemablePreferredStockDividends,,,,,,,,2366419.000,3489000.000,,,,,,,,,,,
RelatedPartyTransactionExpensesFromTransactionsWithRelatedParty,,,,,105000.000,6506.000,,,,,,,,,,,,,,
RepaymentsOfNotesPayable,,,,,,,,,,,,,,,,,,,,10800.000
RepaymentsOfRelatedPartyDebt,,150000.000,,,,,,1000000.000,,,,,,,,,,,,
ResearchAndDevelopmentExpense,185167.000,86606.000,188717.000,175144.000,258338.000,179476.000,2037642.000,852744.000,818598.000,871093.000,714844.000,590870.000,505924.000,283310.000,263223.000,,,,,
Revenues,1700.000,1168.000,8.000,88.000,58.000,1382.000,928.000,425.000,1253.000,736.000,3294.000,4109.000,5277.000,4856.000,9304.000,1025.000,12.000,13.000,0.000,
SalesRevenueNet,1700.000,1168.000,8.000,88.000,58.000,1382.000,928.000,425.000,1253.000,736.000,3294.000,4109.000,5277.000,4856.000,9304.000,1025.000,12.000,13.000,0.000,
SellingAndMarketingExpense,,,143484.000,287633.000,287095.000,1462861.000,5238226.000,1197412.000,1490016.000,1195440.000,1213166.000,889237.000,509039.000,131987.000,283125.000,35103.000,-1068.000,4200.000,389981.000,206918.000
ShareBasedCompensation,,89986.000,,191494.000,,,,288551.000,,,,190364.000,,,,69407.000,,,,88442.000
ShareBasedCompensationArrangementByShareBasedPaymentAwardNonOptionEquityInstrumentsExpirations,,,,,,,,,,,,515714.000,,,,1142858.000,,,,10399395.000
ShareBasedCompensationArrangementByShareBasedPaymentAwardNonOptionEquityInstrumentsGranted,,,,,,,,,,,,,,,,96700.000,,,,200000.000
StockIssuedDuringPeriodSharesRestrictedStockAwardNetOfForfeitures,,,,,,,,,,,,2000000.000,,,,,,,,
TravelAndEntertainmentExpense,15960.000,87768.000,121344.000,247479.000,196364.000,274088.000,,,,,,,,,,,,,,
WeightedAverageNumberOfShareOutstandingBasicAndDiluted,,,,101792509.000,106261607.000,111372435.000,-211721555.000,114818293.000,117041436.000,117117626.000,-232286943.000,119117626.000,119167626.000,117267626.000,-237326919.000,117517626.000,117684293.000,117767626.000,-235285252.000,117767626.000
