,2011-12-31,2012-03-31,2012-06-30,2012-09-30,2012-12-31,2013-03-31,2013-06-30,2013-09-30,2013-12-31,2014-03-31,2014-06-30,2014-09-30,2014-12-31,2015-03-31,2015-06-30,2015-09-30,2015-12-31
AmortizationOfIntangibleAssets,,,,,,,,,,,,,7778.000,10694.000,13773.000,-20352.000,2981.000
CashAndCashEquivalentsPeriodIncreaseDecrease,-430.000,,,,10958.000,,,,393086.000,,,,,,,,
CashPeriodIncreaseDecrease,,,,,,,,,,,,,-169447.000,,,,-139548.000
CostOfRevenue,,,,,,,,,,,,,161360.000,220932.000,317244.000,,
DepreciationAndAmortization,,,,,,,,,,,,,,3038.000,3443.000,,3346.000
DirectOperatingCostRoyaltyExpense,,,,,,,,,,,,,25615.000,33140.000,42805.000,,3880.000
DisposalGroupIncludingDiscontinuedOperationCostsOfGoodsSold,,,,,,,,,,,,,,,,,-43972.000
DisposalGroupIncludingDiscontinuedOperationGeneralAndAdministrativeExpense,,,,,,,,,,,,,,,,,-111780.000
DisposalGroupIncludingDiscontinuedOperationOperatingIncomeLoss,,,,,,,,,,,,,,,,,28272.000
DisposalGroupIncludingDiscontinuedOperationRevenue,,,,,,,,,,,,,,,,,184024.000
EarningsPerShareBasic,,0.000,-0.000,,-0.000,-0.000,0.000,0.000,-0.010,0.000,-0.020,,,,,,
EarningsPerShareBasicAndDiluted,0.000,,,,,,,,,,,,,,,,
EffectiveIncomeTaxRateContinuingOperations,,,,,,,,,0.000,,,,,,,,
GainsLossesOnExtinguishmentOfDebt,,,,,,,,,24650.000,,,,,,,,
GeneralAndAdministrativeExpense,3880.000,3462.000,6612.000,6269.000,3839.000,3584.000,4120.000,798.000,129065.000,315457.000,963850.000,1266351.000,932354.000,736433.000,633852.000,24346.000,381712.000
GrossProfit,,,,,,,,,,,,,43972.000,71296.000,138432.000,,
IncomeLossFromContinuingOperations,,,,,,,,,,,,,-814966.000,-589835.000,-488483.000,-445594.000,-385058.000
IncomeLossFromContinuingOperationsBeforeIncomeTaxesMinorityInterestAndIncomeLossFromEquityMethodInvestments,,,,,,-3584.000,-4120.000,,,,,,,,,,
IncomeLossFromContinuingOperationsPerBasicAndDilutedShare,,,,,,,,,,,,,-0.010,-0.010,-0.010,0.000,0.000
IncomeLossFromDiscontinuedOperationsNetOfTax,,,,,,,,,,,,,,,,,71099.000
IncreaseDecreaseInAccountsPayableAndAccruedLiabilities,450.000,,,,-713.000,,,,,,,,,,,,
IncreaseDecreaseInPrepaidExpense,-1000.000,,,,,,,,,,,,,,,,
InterestExpense,,,,,,,,,14109.000,16279.000,666240.000,-1393256.000,-260.000,-235.000,,,
InterestPaid,,,,,,,,,,,,,260.000,,,,
MarketingExpense,,,,,,,,,407114.000,5000.000,,,,,,,
NetCashProvidedByUsedInFinancingActivities,4000.000,,,,15510.000,,,,725000.000,,,,,,,,
NetCashProvidedByUsedInFinancingActivitiesContinuingOperations,4000.000,,,,15510.000,,,,725000.000,,,,,,,,
NetCashProvidedByUsedInOperatingActivities,-4430.000,,,,-4552.000,,,,-331914.000,,,,-169447.000,,,,-139548.000
NetCashProvidedByUsedInOperatingActivitiesContinuingOperations,-4430.000,,,,-4552.000,,,,-331914.000,,,,-169447.000,,,,-139548.000
NetIncomeLoss,-3880.000,-3462.000,-6612.000,-6269.000,-3839.000,-3584.000,-4120.000,-798.000,-525638.000,-336736.000,-1630090.000,-1266351.000,-815226.000,-590070.000,-488483.000,-414261.000,-313959.000
OperatingExpenses,-3880.000,-3462.000,6612.000,,,,,,,,,,932354.000,739471.000,667295.000,-242.000,385058.000
OperatingIncomeLoss,,,,,,,,,-536179.000,-320457.000,-963850.000,,,,,,-385058.000
OperatingLeasesRentExpenseNet,,,,,,,,,,,190.000,,6331.000,5820.000,5820.000,5820.000,
OtherNonoperatingIncomeExpense,,,,,,,,,10541.000,-16279.000,-666240.000,,,,,,
OtherOperatingIncomeExpenseNet,,,,,,,,,,,,,-260.000,-235.000,,,0.000
ProceedsFromIssuanceOfCommonStock,0.000,,,,,,,,225000.000,,,,,,,,
ProceedsFromIssuanceOfDebt,,,,,,,,,500000.000,,,,,,,,
ProceedsFromRelatedPartyDebt,,,,,15510.000,,,,,,,,,,,,
ProceedsFromRepaymentsOfRelatedPartyDebt,4000.000,,,,,,,,,,,,,,,,
ProfitLoss,-3880.000,,,,-3839.000,,,,,,,,,,,,
ResearchAndDevelopmentExpense,,,,,,,,,,,,,,11335.000,276.000,,
Revenues,,,,,,,,,,,,,117388.000,149636.000,178812.000,,
SalesRevenueNet,,,,,,,,,,,,,117388.000,149636.000,178812.000,,
ShareBasedCompensation,,,,,,,,,,,,,,,,,280053.000
ShareBasedCompensationArrangementByShareBasedPaymentAwardOptionsGrantsInPeriodGross,,,,,,,,,925000.000,,,,,,,,
ShareBasedCompensationArrangementsByShareBasedPaymentAwardOptionsExercisesInPeriodWeightedAverageExercisePrice,,,,,,,,,0.200,,,,,,,,
StockIssuedDuringPeriodSharesRestrictedStockAwardGross,,,,,,,,,,,,,200000.000,,,,
StockIssuedDuringPeriodValueRestrictedStockAwardGross,,,,,,,,,,,,,36000.000,,,,
StockOptionPlanExpense,,,,,,,,,,,,,621988.000,474753.000,400581.000,,
WeightedAverageNumberOfShareOutstandingBasicAndDiluted,,,,,,,,,,,,,78189649.000,78363562.000,78363562.000,-156596689.000,78363562.000
WeightedAverageNumberOfSharesCommonStockSubjectToRepurchaseOrCancellation,,,,,,,,,20000.000,,,,,,,,
WeightedAverageNumberOfSharesOutstandingBasic,,4410000.000,4410000.000,,220500000.000,220500000.000,220500000.000,-441000000.000,60731978.000,66990267.000,72532768.000,,,,,,
