,2011-03-31,2011-06-30,2011-09-30,2011-12-31,2012-03-31,2012-06-30,2012-09-30,2012-12-31,2013-03-31,2013-06-30,2013-09-30,2013-12-31,2014-03-31,2014-06-30,2014-09-30,2014-12-31,2015-03-31,2015-06-30
AdjustmentsNoncashItemsToReconcileNetIncomeLossToCashProvidedByUsedInOperatingActivitiesOther,14000000.000,,,,,,,,,,,,,,,,,
AdjustmentsToAdditionalPaidInCapitalSharebasedCompensationRequisiteServicePeriodRecognitionValue,,,,,,,,,,,,,20000000.000,,,,27000000.000,
AdjustmentsToAdditionalPaidInCapitalTaxEffectFromShareBasedCompensation,,,,,,,,,,,,,22000000.000,,,,31000000.000,
AntidilutiveSecuritiesExcludedFromComputationOfEarningsPerShareAmount,,,,,,,,,1700000.000,,,,200000.000,200000.000,200000.000,,200000.000,200000.000
CashAndCashEquivalentsPeriodIncreaseDecrease,2793000000.000,,,,,,,,,,,,,,,,,
ComprehensiveIncomeNetOfTax,,727000000.000,397000000.000,,748000000.000,674000000.000,538000000.000,918000000.000,671000000.000,667000000.000,725000000.000,722000000.000,582000000.000,812000000.000,575000000.000,700000000.000,589000000.000,767000000.000
ComprehensiveIncomeNetOfTaxAttributableToNoncontrollingInterest,10000000.000,12000000.000,-10000000.000,5000000.000,12000000.000,-11000000.000,6000000.000,6000000.000,16000000.000,-21000000.000,11000000.000,14000000.000,11000000.000,8000000.000,-6000000.000,-3000000.000,-18000000.000,8000000.000
ComprehensiveIncomeNetOfTaxIncludingPortionAttributableToNoncontrollingInterest,696000000.000,739000000.000,387000000.000,685000000.000,760000000.000,663000000.000,544000000.000,924000000.000,687000000.000,646000000.000,736000000.000,736000000.000,593000000.000,820000000.000,569000000.000,697000000.000,571000000.000,775000000.000
CostsAndExpenses,5164000000.000,5370000000.000,5814000000.000,6249000000.000,5738000000.000,5813000000.000,6348000000.000,6756000000.000,6338000000.000,6350000000.000,6655000000.000,7261000000.000,6628000000.000,6685000000.000,7152000000.000,7667000000.000,6756000000.000,7052000000.000
DeferredIncomeTaxesAndTaxCredits,91000000.000,,,,58000000.000,,,,95000000.000,,,,84000000.000,,,,44000000.000,
DepreciationAndAmortization,611000000.000,616000000.000,554000000.000,568000000.000,595000000.000,,,,,,,,,,,,,
DepreciationDepletionAndAmortization,,,,,,598000000.000,618000000.000,,678000000.000,731000000.000,708000000.000,711000000.000,714000000.000,729000000.000,755000000.000,745000000.000,730000000.000,721000000.000
EarningsPerShareBasic,,,,,1.080,1.090,0.910,1.540,1.210,1.190,1.290,1.530,1.100,1.600,1.220,1.540,1.450,1.480
EarningsPerShareDiluted,,,,,1.070,1.090,0.900,1.520,1.200,1.180,1.280,1.510,1.090,1.590,1.210,1.510,1.440,1.470
EffectOfExchangeRateOnCashAndCashEquivalentsContinuingOperations,,,,,,,,,-187000000.000,,,,-316000000.000,,,,,
EquityMethodInvestmentDividendsOrDistributions,45000000.000,,,,,,,,,,,,,,,,,
ExcessTaxBenefitFromShareBasedCompensationFinancingActivities,24000000.000,,,,28000000.000,,,,24000000.000,,,,22000000.000,,,,31000000.000,
ExcessTaxBenefitFromShareBasedCompensationOperatingActivities,,,,,28000000.000,,,,24000000.000,,,,22000000.000,,,,31000000.000,
FiniteLivedIntangibleAssetsUsefulLife,15.000,,,,,,,,,,,,,,,,,
ForeignCurrencyTransactionGainLossUnrealized,8000000.000,,,,13000000.000,,,,6000000.000,,,,6000000.000,,,,-31000000.000,
GainLossOnSaleOfInvestments,26000000.000,,,,,,,,7000000.000,,,,2000000.000,,,,,
GeneralAndAdministrativeExpense,340000000.000,406000000.000,408000000.000,422000000.000,417000000.000,468000000.000,447000000.000,483000000.000,469000000.000,510000000.000,473000000.000,550000000.000,454000000.000,517000000.000,571000000.000,571000000.000,514000000.000,600000000.000
GoodwillTranslationAdjustments,,,,,12000000.000,,,,6000000.000,,,,12000000.000,,,,-52000000.000,
GoodwillTranslationAndPurchaseAccountingAdjustments,11000000.000,,,,,,,,,,,,,,,,,
IncomeLossFromContinuingOperationsBeforeIncomeTaxesExtraordinaryItemsNoncontrollingInterest,,1106000000.000,807000000.000,,1157000000.000,1141000000.000,920000000.000,1224000000.000,1085000000.000,1075000000.000,1101000000.000,1227000000.000,1065000000.000,1241000000.000,1026000000.000,1116000000.000,1171000000.000,1204000000.000
IncomeLossFromContinuingOperationsBeforeIncomeTaxesMinorityInterestAndIncomeLossFromEquityMethodInvestments,1032000000.000,,,,,,,,,,,,,,,,,
IncomeLossFromEquityMethodInvestments,25000000.000,,,,33000000.000,,,,32000000.000,,,,44000000.000,,,,33000000.000,
IncomeTaxExpenseBenefit,349000000.000,397000000.000,286000000.000,316000000.000,416000000.000,425000000.000,348000000.000,276000000.000,387000000.000,414000000.000,391000000.000,411000000.000,496000000.000,431000000.000,411000000.000,335000000.000,441000000.000,454000000.000
IncomeTaxesPaid,77000000.000,,,,113000000.000,,,,94000000.000,,,,84000000.000,,,,49000000.000,
IncreaseDecreaseInAccountsAndNotesReceivable,-87000000.000,,,,,,,,,,,,,,,,,
IncreaseDecreaseInAccountsPayableAndAccruedLiabilities,-142000000.000,,,,-77000000.000,,,,-167000000.000,,,,-397000000.000,,,,-358000000.000,
IncreaseDecreaseInAccountsReceivable,,,,,-312000000.000,,,,-51000000.000,,,,-98000000.000,,,,-151000000.000,
IncreaseDecreaseInDeferredLiabilities,-5000000.000,,,,,,,,,,,,,,,,,
IncreaseDecreaseInDeferredRevenue,,,,,16000000.000,,,,41000000.000,,,,43000000.000,,,,3000000.000,
IncreaseDecreaseInInventories,65000000.000,,,,5000000.000,,,,10000000.000,,,,36000000.000,,,,37000000.000,
IncreaseDecreaseInOtherOperatingCapitalNet,,,,,1000000.000,,,,16000000.000,,,,18000000.000,,,,-84000000.000,
IncreaseDecreaseInOtherOperatingLiabilities,-18000000.000,,,,,,,,,,,,,,,,,
IncreaseDecreaseInPrepaidDeferredExpenseAndOtherAssets,-53000000.000,,,,-161000000.000,,,,-43000000.000,,,,-303000000.000,,,,-293000000.000,
InterestAndDebtExpense,172000000.000,203000000.000,194000000.000,194000000.000,204000000.000,214000000.000,204000000.000,220000000.000,217000000.000,219000000.000,182000000.000,222000000.000,232000000.000,230000000.000,215000000.000,221000000.000,245000000.000,234000000.000
InterestPaid,,,,,255000000.000,,,,325000000.000,,,,328000000.000,,,,318000000.000,
InterestPaidNet,164000000.000,,,,,,,,,,,,,,,,,
InvestmentIncomeInterest,7000000.000,9000000.000,9000000.000,9000000.000,12000000.000,11000000.000,17000000.000,19000000.000,22000000.000,19000000.000,15000000.000,16000000.000,13000000.000,12000000.000,18000000.000,25000000.000,22000000.000,24000000.000
NetCashProvidedByUsedInContinuingOperations,,,,,3653000000.000,,,,-223000000.000,,,,834000000.000,,,,-351000000.000,
NetCashProvidedByUsedInFinancingActivities,2028000000.000,,,,2676000000.000,,,,-754000000.000,,,,267000000.000,,,,-1271000000.000,
NetCashProvidedByUsedInFinancingActivitiesContinuingOperations,2028000000.000,,,,2676000000.000,,,,-754000000.000,,,,267000000.000,,,,-1271000000.000,
NetCashProvidedByUsedInInvestingActivities,-544000000.000,,,,-786000000.000,,,,-818000000.000,,,,-707000000.000,,,,-716000000.000,
NetCashProvidedByUsedInInvestingActivitiesContinuingOperations,-544000000.000,,,,-786000000.000,,,,-818000000.000,,,,-707000000.000,,,,-716000000.000,
NetCashProvidedByUsedInOperatingActivities,1309000000.000,,,,1763000000.000,,,,1536000000.000,,,,1590000000.000,,,,1636000000.000,
NetCashProvidedByUsedInOperatingActivitiesContinuingOperations,1309000000.000,,,,1763000000.000,,,,1536000000.000,,,,1590000000.000,,,,1636000000.000,
NetIncomeLoss,674000000.000,701000000.000,,,,,,,,,,,,,,,,
NetIncomeLossAttributableToNoncontrollingInterest,9000000.000,,,,,,,,,,,,8000000.000,4000000.000,4000000.000,,,3000000.000
NetIncomeLossAttributableToRedeemableNoncontrollingInterest,,8000000.000,5000000.000,,10000000.000,5000000.000,7000000.000,6000000.000,8000000.000,1000000.000,11000000.000,6000000.000,,,,,,
NetIncomeLossAvailableToCommonStockholdersBasic,,,516000000.000,,731000000.000,711000000.000,565000000.000,942000000.000,690000000.000,660000000.000,699000000.000,810000000.000,561000000.000,806000000.000,611000000.000,778000000.000,730000000.000,747000000.000
NetIncomeLossAvailableToCommonStockholdersDiluted,,,,,731000000.000,711000000.000,565000000.000,942000000.000,690000000.000,660000000.000,699000000.000,810000000.000,561000000.000,806000000.000,611000000.000,778000000.000,730000000.000,747000000.000
OperatingIncomeLoss,1155000000.000,1230000000.000,1030000000.000,1214000000.000,1308000000.000,1411000000.000,1068000000.000,1298000000.000,1242000000.000,1350000000.000,1225000000.000,1333000000.000,1227000000.000,1424000000.000,1222000000.000,1255000000.000,1387000000.000,1389000000.000
OtherComprehensiveIncomeAmortizationOfDefinedBenefitPlanNetPriorServiceCostRecognizedInNetPeriodicPensionCostTax,,,,,,,,,,,-1000000.000,,,,,,,
OtherComprehensiveIncomeDefinedBenefitPlansNetUnamortizedGainLossArisingDuringPeriodNetOfTax,,,,,,,-1000000.000,,,,-1000000.000,,,,7000000.000,,,
OtherComprehensiveIncomeDefinedBenefitPlansNetUnamortizedGainLossArisingDuringPeriodTax,,,,,,,-1000000.000,,,,-1000000.000,,,,4000000.000,,,
OtherComprehensiveIncomeForeignCurrencyTransactionAndTranslationAdjustmentNetOfTaxPeriodIncreaseDecrease,,32000000.000,-140000000.000,,,,,,,,,,,,,,,
OtherComprehensiveIncomeForeignCurrencyTransactionAndTranslationGainLossArisingDuringPeriodNetOfTax,16000000.000,,,,,,,,,,,,,,,,,
OtherComprehensiveIncomeLossAmortizationPensionAndOtherPostretirementBenefitPlansNetPriorServiceCostRecognizedInNetPeriodicBenefitCostBeforeTax,,,,,,,,,,,-2000000.000,,,,,,,
OtherComprehensiveIncomeLossAmortizationPensionAndOtherPostretirementBenefitPlansNetPriorServiceCostRecognizedInNetPeriodicPensionCostNetOfTax,,,,,,,,,,,-1000000.000,,,,,,,
OtherComprehensiveIncomeLossBeforeTax,,,,,,-87000000.000,-46000000.000,,-19000000.000,-20000000.000,40000000.000,-70000000.000,38000000.000,23000000.000,-62000000.000,-127000000.000,-261000000.000,50000000.000
OtherComprehensiveIncomeLossBeforeTaxPeriodIncreaseDecrease,,,,,31000000.000,,,,,,,,,,,,,
OtherComprehensiveIncomeLossNetOfTax,,,,,,-53000000.000,-28000000.000,,-11000000.000,-15000000.000,26000000.000,-80000000.000,24000000.000,10000000.000,-46000000.000,-84000000.000,-159000000.000,25000000.000
OtherComprehensiveIncomeLossNetOfTaxPeriodIncreaseDecrease,,,,,19000000.000,,,,,,,,,,,,,
OtherComprehensiveIncomeLossNetOfTaxPortionAttributableToParent,686000000.000,,,,,,,,,,,,,,,,,
OtherComprehensiveIncomeLossPensionAndOtherPostretirementBenefitPlansNetUnamortizedGainLossArisingDuringPeriodBeforeTax,,,,,,,-2000000.000,,,,-2000000.000,,,,11000000.000,,,
OtherComprehensiveIncomeLossReclassificationAdjustmentForSaleOfSecuritiesIncludedInNetIncomeBeforeTax,,,,,,,,,-2000000.000,4000000.000,,,,,,,,
OtherComprehensiveIncomeLossReclassificationAdjustmentForSaleOfSecuritiesIncludedInNetIncomeNetOfTax,,,,,,,,,-1000000.000,2000000.000,,,,,,,,
OtherComprehensiveIncomeLossReclassificationAdjustmentForSaleOfSecuritiesIncludedInNetIncomeTax,,,,,,,,,-1000000.000,2000000.000,,,,,,,,
OtherComprehensiveIncomeLossReclassificationAdjustmentFromAOCIOnDerivativesBeforeTax,,,,,,,,,,,,,13000000.000,45000000.000,-150000000.000,-97000000.000,-151000000.000,119000000.000
OtherComprehensiveIncomeLossReclassificationAdjustmentFromAOCIOnDerivativesNetOfTax,,,,,,,,,,,,,8000000.000,28000000.000,-94000000.000,-59000000.000,-94000000.000,74000000.000
OtherComprehensiveIncomeLossReclassificationAdjustmentFromAOCIOnDerivativesTax,,,,,,,,,,,,,5000000.000,17000000.000,-56000000.000,-38000000.000,-57000000.000,45000000.000
OtherComprehensiveIncomeLossReclassificationAdjustmentFromAOCIPensionAndOtherPostretirementBenefitPlansForNetGainLossBeforeTax,,,,,,,,,,,,,,,-13000000.000,,,
OtherComprehensiveIncomeLossReclassificationAdjustmentFromAOCIPensionAndOtherPostretirementBenefitPlansForNetGainLossNetOfTax,,,,,,,,,,,,,,,-8000000.000,,,
OtherComprehensiveIncomeLossReclassificationAdjustmentFromAOCIPensionAndOtherPostretirementBenefitPlansForNetGainLossTax,,,,,,,,,,,,,,,-5000000.000,,,
OtherComprehensiveIncomeLossReclassificationAdjustmentOnDerivativesIncludedInNetIncomeBeforeTax,,,,,,,-5000000.000,,78000000.000,-1000000.000,-99000000.000,,,,,,,
OtherComprehensiveIncomeLossReclassificationAdjustmentOnDerivativesIncludedInNetIncomeNetOfTax,,,,,,,-3000000.000,,49000000.000,-1000000.000,-61000000.000,,,,,,,
OtherComprehensiveIncomeLossReclassificationAdjustmentOnDerivativesIncludedInNetIncomeTax,,,,,,,-2000000.000,,29000000.000,,-38000000.000,,,,,,,
OtherComprehensiveIncomeLossReclassificationPensionAndOtherPostretirementBenefitPlansNetGainLossRecognizedInNetPeriodicBenefitCostTax,,,,,,,6000000.000,,,,7000000.000,,,,,,,
OtherComprehensiveIncomeLossTax,,,,,12000000.000,34000000.000,-18000000.000,-83000000.000,-8000000.000,-5000000.000,14000000.000,10000000.000,14000000.000,13000000.000,-16000000.000,-43000000.000,-102000000.000,25000000.000
OtherComprehensiveIncomeReclassificationOfDefinedBenefitPlansNetGainLossRecognizedInNetPeriodicBenefitCostBeforeTax,,,,,,,15000000.000,,,,19000000.000,,,,,,,
OtherComprehensiveIncomeReclassificationOfDefinedBenefitPlansNetGainLossRecognizedInNetPeriodicBenefitCostNetOfTax,,,9000000.000,,,,9000000.000,,,,12000000.000,,,,,,,
OtherComprehensiveIncomeUnrealizedGainLossOnDerivativesArisingDuringPeriodBeforeTax,,,,,,,-51000000.000,,-57000000.000,15000000.000,125000000.000,46000000.000,-12000000.000,10000000.000,-78000000.000,-62000000.000,-194000000.000,132000000.000
OtherComprehensiveIncomeUnrealizedGainLossOnDerivativesArisingDuringPeriodNetOfTax,,,,,,,-31000000.000,,-36000000.000,9000000.000,78000000.000,29000000.000,-7000000.000,6000000.000,-49000000.000,-37000000.000,-121000000.000,83000000.000
OtherComprehensiveIncomeUnrealizedGainLossOnDerivativesArisingDuringPeriodTax,,,,,,,-20000000.000,,-21000000.000,6000000.000,47000000.000,17000000.000,-5000000.000,4000000.000,-29000000.000,-25000000.000,-73000000.000,49000000.000
OtherComprehensiveIncomeUnrealizedHoldingGainLossOnSecuritiesArisingDuringPeriodBeforeTax,,,,,-2000000.000,-5000000.000,,,5000000.000,-5000000.000,,,,,,,,
OtherComprehensiveIncomeUnrealizedHoldingGainLossOnSecuritiesArisingDuringPeriodNetOfTax,-3000000.000,-2000000.000,-3000000.000,2000000.000,-1000000.000,-3000000.000,,,3000000.000,-3000000.000,,,,,,,,
OtherComprehensiveIncomeUnrealizedHoldingGainLossOnSecuritiesArisingDuringPeriodTax,,,,,-1000000.000,2000000.000,,,2000000.000,-2000000.000,,,,,,,,
OtherNoncashIncomeExpense,,,,,-22000000.000,,,,-5000000.000,,,,-15000000.000,,,,-6000000.000,
OtherNonoperatingIncomeExpense,42000000.000,70000000.000,-38000000.000,10000000.000,41000000.000,-67000000.000,39000000.000,127000000.000,38000000.000,-75000000.000,43000000.000,100000000.000,57000000.000,35000000.000,1000000.000,57000000.000,7000000.000,25000000.000
PaymentsForProceedsFromOtherInvestingActivities,-39000000.000,,,,-25000000.000,,,,5000000.000,,,,3000000.000,,,,-3000000.000,
PaymentsForRepurchaseOfCommonStock,1405000000.000,,,,1260000000.000,,,,1378000000.000,,,,895000000.000,,,,,
PaymentsOfDebtIssuanceCosts,28000000.000,,,,23000000.000,,,,4000000.000,,,,6000000.000,,,,,
PaymentsRelatedToTaxWithholdingForShareBasedCompensation,,,,,52000000.000,,,,61000000.000,,,,57000000.000,,,,64000000.000,
PaymentsToAcquireBusinessesAndInterestInAffiliates,,,,,,,,,3000000.000,,,,4000000.000,,,,10000000.000,
PaymentsToAcquireIntangibleAssets,87000000.000,,,,,,,,,,,,,,,,,
PaymentsToAcquireOtherProductiveAssets,,,,,58000000.000,,,,78000000.000,,,,54000000.000,,,,96000000.000,
PaymentsToAcquirePropertyPlantAndEquipment,613000000.000,,,,753000000.000,,,,748000000.000,,,,650000000.000,,,,613000000.000,
ProceedsFromDividendsReceived,,,,,,,,,,,,,,,,,7000000.000,
ProceedsFromIssuanceOfLongTermDebt,3990000000.000,,,,,,,,,,,,,,,,,
ProceedsFromIssuanceOfSeniorLongTermDebt,,,,,3996000000.000,,,,792000000.000,,,,1260000000.000,,,,17000000.000,
ProceedsFromLongTermLinesOfCredit,,,,,400000000.000,,,,,,,,,,,,,
ProceedsFromPaymentsForOtherFinancingActivities,-120000000.000,,,,-13000000.000,,,,-18000000.000,,,,-26000000.000,,,,,
ProceedsFromRepaymentsOfShortTermDebtMaturingInThreeMonthsOrLess,,,,,,,,,190000000.000,,,,105000000.000,,,,,
ProceedsFromSaleOfEquityMethodInvestments,61000000.000,,,,,,,,,,,,,,,,,
ProceedsFromSaleOfLongtermInvestments,,,,,,,,,16000000.000,,,,4000000.000,,,,,
ProceedsFromShortTermDebt,,,,,,,,,84000000.000,,,,90000000.000,,,,,
ProfessionalFees,,,,,,,,,,,,,,,19000000.000,,,
ProfitLoss,683000000.000,709000000.000,521000000.000,723000000.000,741000000.000,716000000.000,572000000.000,948000000.000,698000000.000,661000000.000,710000000.000,816000000.000,569000000.000,810000000.000,615000000.000,781000000.000,730000000.000,750000000.000
RecognitionOfDeferredRevenue,8000000.000,,,,12000000.000,,,,13000000.000,,,,12000000.000,,,,11000000.000,
RelatedPartyTransactionExpensesFromTransactionsWithRelatedParty,187000000.000,211000000.000,228000000.000,219000000.000,237000000.000,231000000.000,225000000.000,181000000.000,236000000.000,246000000.000,235000000.000,248000000.000,241000000.000,300000000.000,281000000.000,246000000.000,241000000.000,263000000.000
RelatedPartyTransactionRevenuesFromTransactionsWithRelatedParty,2000000.000,2000000.000,1000000.000,1000000.000,1000000.000,,,,,,,,,,,,,
RepaymentsOfLongTermDebt,341000000.000,,,,,,,,,,,,,,,,,
RepaymentsOfLongTermLinesOfCredit,,,,,400000000.000,,,,,,,,,,,,,
RepaymentsOfOtherLongTermDebt,,,,,,,,,,,,,15000000.000,,,,29000000.000,
RepaymentsOfSeniorDebt,,,,,,,,,,,,,11000000.000,,,,1226000000.000,
RepaymentsOfShortTermDebt,39000000.000,,,,,,,,153000000.000,,,,200000000.000,,,,,
RevenueFromRelatedParties,,,,,,1000000.000,1000000.000,,2000000.000,1000000.000,2000000.000,4000000.000,2000000.000,2000000.000,3000000.000,3000000.000,2000000.000,3000000.000
Revenues,6319000000.000,6600000000.000,6844000000.000,7463000000.000,7046000000.000,7224000000.000,7416000000.000,8054000000.000,7580000000.000,7700000000.000,7880000000.000,8594000000.000,7855000000.000,8109000000.000,8374000000.000,8922000000.000,8143000000.000,8441000000.000
RevenuesFromExternalCustomers,,6600000000.000,6844000000.000,,7046000000.000,7224000000.000,7416000000.000,8054000000.000,7580000000.000,7700000000.000,7880000000.000,,,,,,,
SalesRevenueNet,6319000000.000,6600000000.000,6844000000.000,7463000000.000,7046000000.000,7224000000.000,7416000000.000,8054000000.000,7580000000.000,7700000000.000,7880000000.000,8594000000.000,7855000000.000,8109000000.000,8374000000.000,8922000000.000,8143000000.000,8441000000.000
SegmentReportingInformationRevenueFromExternalCustomers,6319000000.000,,,,,,,,,,,,,,,,,
ShareBasedCompensation,22000000.000,,,,27000000.000,,,,34000000.000,,,,20000000.000,,,,27000000.000,
StockIssuedDuringPeriodValueShareBasedCompensation,,,,,,,,,,,,,-57000000.000,,,,62000000.000,
StockRepurchaseProgramAuthorizedAmount,,,,,6000000000.000,,,,,,,,,,,,,
StockRepurchaseProgramRemainingAuthorizedRepurchaseAmount,,,,,5566000000.000,,,,3484000000.000,,,,3438000000.000,,,,,
StockRepurchasedAndRetiredDuringPeriodShares,32036462.000,,,,28000000.000,,,,26452953.000,,,,12928118.000,,,,,
StockRepurchasedAndRetiredDuringPeriodValue,1406000000.000,,,,1300000000.000,,,,1378000000.000,,,,925000000.000,,,,,
StockholdersEquityOther,,,,,,,,,,,,,-1000000.000,,,,-1000000.000,
TranslationAdjustmentFunctionalToReportingCurrencyIncreaseDecreaseGrossOfTax,,,,,33000000.000,-82000000.000,-3000000.000,-1000000.000,-43000000.000,-33000000.000,-5000000.000,-142000000.000,63000000.000,58000000.000,-158000000.000,-109000000.000,-218000000.000,37000000.000
TranslationAdjustmentFunctionalToReportingCurrencyNetOfTaxPeriodIncreaseDecrease,,,,,20000000.000,-50000000.000,-2000000.000,0.000,-26000000.000,-22000000.000,-3000000.000,-122000000.000,39000000.000,32000000.000,-106000000.000,-73000000.000,-132000000.000,16000000.000
TranslationAdjustmentFunctionalToReportingCurrencyTaxBenefitExpense,,,,,-13000000.000,-32000000.000,1000000.000,65000000.000,17000000.000,11000000.000,2000000.000,20000000.000,-24000000.000,-26000000.000,52000000.000,36000000.000,86000000.000,-21000000.000
TreasuryStockAcquiredAverageCostPerShare,43.880,,,,45.650,,,,52.090,,,,71.530,,,,,
WeightedAverageNumberDilutedSharesOutstandingAdjustment,,,,,3000000.000,4000000.000,5000000.000,-6000000.000,5000000.000,5000000.000,4000000.000,-9000000.000,4000000.000,4000000.000,5000000.000,-8000000.000,4000000.000,4000000.000
WeightedAverageNumberOfDilutedSharesOutstanding,797000000.000,767000000.000,737000000.000,-1549000000.000,681000000.000,655000000.000,629000000.000,-1321000000.000,577000000.000,561000000.000,545000000.000,-1130000000.000,515000000.000,508000000.000,507000000.000,-1020000000.000,507000000.000,508000000.000
WeightedAverageNumberOfSharesOutstandingBasic,793000000.000,763000000.000,732000000.000,-1541000000.000,678000000.000,651000000.000,624000000.000,-1315000000.000,572000000.000,556000000.000,541000000.000,-1121000000.000,511000000.000,504000000.000,502000000.000,-1012000000.000,503000000.000,504000000.000
