,2011-03-31,2011-06-30,2011-09-30,2011-12-31,2012-03-31,2012-06-30,2012-09-30,2012-12-31,2013-03-31,2013-06-30,2013-09-30,2013-12-31,2014-03-31,2014-06-30,2014-09-30,2014-12-31,2015-03-31,2015-06-30,2015-09-30,2015-12-31,2016-03-31,2016-06-30,2016-09-30,2016-12-31,2017-03-31,2017-06-30
AccretionAmortizationOfDiscountsAndPremiumsInvestments,,,,,,,,,,,,,6680000.000,,,,-6676000.000,,,,-6477000.000,,,,-9427000.000,
AdditionsToNoncurrentAssets,,,17299000.000,,,,20814000.000,,,,,,,,,,,,,,,,,,,
AdjustmentsToAdditionalPaidInCapitalShareBasedCompensationEmployeeStockPurchaseProgramRequisiteServicePeriodRecognition,,,,,,,227000.000,,-386000.000,-260000.000,-463000.000,-357000.000,-1057000.000,38000.000,-465000.000,-350000.000,,,,,,,,,,
AdjustmentsToAdditionalPaidInCapitalSharebasedCompensationRequisiteServicePeriodRecognitionValue,5011000.000,,,,6148000.000,,2842000.000,,9887000.000,,,,9397000.000,,,,10858000.000,,,,15858000.000,,,,17032000.000,
AllocatedShareBasedCompensationExpense,,,,,262000.000,191000.000,,,9887000.000,4457000.000,4257000.000,3700000.000,,,,,10858000.000,4705000.000,4698000.000,4078000.000,15858000.000,6110000.000,6128000.000,6029000.000,17032000.000,7547000.000
AmortizationOfDeferredLoanOriginationFeesNet,,,,,-23000.000,,,,,,,,,,,,,,,,,,,,,
AmortizationOfIntangibleAssets,,3400000.000,3400000.000,,2900000.000,2900000.000,2900000.000,3300000.000,3100000.000,3100000.000,2800000.000,3000000.000,3000000.000,2200000.000,5300000.000,2100000.000,2500000.000,2400000.000,2300000.000,2100000.000,2400000.000,3200000.000,3700000.000,6100000.000,6200000.000,6500000.000
AntidilutiveSecuritiesExcludedFromComputationOfEarningsPerShareAmount,,1400000.000,1300000.000,,1500000.000,700000.000,700000.000,-2200000.000,32000.000,0.000,1000.000,-22000.000,165000.000,134000.000,,,,,,,,,,,,
AvailableForSaleSecuritiesGrossRealizedGains,,,2500000.000,,2000000.000,13700000.000,48300000.000,6100000.000,6600000.000,5600000.000,3400000.000,1600000.000,6600000.000,8000000.000,9900000.000,9600000.000,3600000.000,1500000.000,1300000.000,2300000.000,1000000.000,12200000.000,8900000.000,8600000.000,3400000.000,16700000.000
AvailableForSaleSecuritiesGrossRealizedLosses,,,200000.000,,100000.000,200000.000,32000.000,-32000.000,600000.000,1400000.000,9700000.000,3800000.000,3800000.000,600000.000,1700000.000,3000000.000,6200000.000,400000.000,1600000.000,1800000.000,2400000.000,4600000.000,200000.000,2500000.000,3300000.000,1900000.000
BusinessCombinationConsiderationTransferred1,,,,,,,,,,,,,,,,,,,,,,,56900000.000,,,
CashAndCashEquivalentsPeriodIncreaseDecrease,26531000.000,,,,254230000.000,,,,187306000.000,,,,-64417000.000,,,,-311683000.000,,,,-51438000.000,,,,41329000.000,
CommonStockDividendsPerShareDeclared,0.060,0.060,0.060,0.060,0.080,0.080,0.080,0.120,0.120,0.120,0.120,0.120,0.360,,0.240,,0.250,0.250,0.250,0.250,0.260,0.260,0.340,0.340,0.340,0.340
ComprehensiveIncomeNetOfTax,-7565000.000,41536000.000,-39756000.000,55758000.000,61689000.000,74101000.000,126158000.000,65996000.000,33878000.000,-12075000.000,83216000.000,86360000.000,31772000.000,80133000.000,54317000.000,13750000.000,43647000.000,74313000.000,53253000.000,76976000.000,99982000.000,117902000.000,110037000.000,23675000.000,90693000.000,147237000.000
ComprehensiveIncomeNetOfTaxAttributableToNoncontrollingInterest,175000.000,-175000.000,80000.000,153000.000,181000.000,515000.000,434000.000,-439000.000,55000.000,268000.000,207000.000,164000.000,131000.000,98000.000,235000.000,227000.000,162000.000,227000.000,206000.000,175000.000,217000.000,272000.000,77000.000,-79000.000,-206000.000,-362000.000
ComprehensiveIncomeNetOfTaxIncludingPortionAttributableToNoncontrollingInterest,-7390000.000,41361000.000,-39676000.000,55911000.000,61508000.000,74616000.000,126592000.000,65919000.000,33933000.000,-11807000.000,83423000.000,86524000.000,31903000.000,80231000.000,54552000.000,13977000.000,43809000.000,74540000.000,53459000.000,77151000.000,100199000.000,118174000.000,110114000.000,23596000.000,90487000.000,146875000.000
CostsAndExpenses,955149000.000,878128000.000,926554000.000,930450000.000,915213000.000,977543000.000,1052520000.000,1129139000.000,1087171000.000,1229240000.000,1193933000.000,1135025000.000,977546000.000,1073511000.000,1143778000.000,1132554000.000,1052136000.000,1182167000.000,1268519000.000,1239869000.000,1126120000.000,1207926000.000,1341413000.000,1422806000.000,1233163000.000,1270275000.000
DefinedBenefitPlanAmortizationOfGainsLosses,,1096000.000,1096000.000,,,,,,,,-7964000.000,,-7407000.000,-7407000.000,-2372000.000,-5401000.000,-8492000.000,-8492000.000,-7613000.000,-8048000.000,-7037000.000,-7073000.000,-7043000.000,-7129000.000,-6933000.000,-6902000.000
DefinedBenefitPlanAmortizationOfNetGainsLosses,,6952000.000,6733000.000,,6825000.000,6825000.000,6825000.000,7893000.000,8002000.000,8002000.000,,,,,,,,,,,,,,,,
DefinedBenefitPlanAmortizationOfNetPriorServiceCostCredit,,,,,1096000.000,1096000.000,1096000.000,1097000.000,1096000.000,1096000.000,,,,,,,,,,,,,,,,
DefinedBenefitPlanAmortizationOfPriorServiceCostCredit,,,,,,,,,,,-1097000.000,,-1038000.000,-1038000.000,-1038000.000,-1039000.000,-1041000.000,-1041000.000,-1041000.000,-1040000.000,-1211000.000,-1211000.000,-1211000.000,-1211000.000,-1211000.000,-1012000.000
DefinedBenefitPlanAmountsRecognizedInOtherComprehensiveIncomeLossNetGainLossBeforeTax,,,,,,,,,,,,,7407000.000,,,,,,,,,,,,,
DefinedBenefitPlanContributionsByEmployer,,,,,7100000.000,,,,7900000.000,,,,9400000.000,,,,8700000.000,,,,,,,,,
DefinedBenefitPlanExpectedReturnOnPlanAssets,,3849000.000,3847000.000,,3787000.000,3787000.000,3787000.000,4192000.000,4674000.000,4674000.000,4691000.000,4737000.000,4694000.000,4694000.000,6165000.000,5297000.000,5448000.000,5448000.000,5341000.000,5565000.000,3094000.000,3073000.000,3083000.000,3136000.000,2370000.000,2370000.000
DefinedBenefitPlanInterestCost,,7491000.000,7535000.000,,7434000.000,7434000.000,7434000.000,6766000.000,6724000.000,6724000.000,6717000.000,6696000.000,6956000.000,6956000.000,7933000.000,7335000.000,7009000.000,7009000.000,6786000.000,6940000.000,5964000.000,6037000.000,5999000.000,6090000.000,4641000.000,4458000.000
DefinedBenefitPlanNetPeriodicBenefitCost,,10054000.000,9881000.000,,9804000.000,9804000.000,9804000.000,9798000.000,9435000.000,9435000.000,9372000.000,9406000.000,8960000.000,8960000.000,3431000.000,6728000.000,9402000.000,9402000.000,8407000.000,8773000.000,8957000.000,9086000.000,9008000.000,75470000.000,8177000.000,8161000.000
DefinedBenefitPlanServiceCost,,556000.000,556000.000,,428000.000,428000.000,428000.000,428000.000,479000.000,479000.000,479000.000,478000.000,329000.000,329000.000,329000.000,328000.000,390000.000,390000.000,390000.000,390000.000,261000.000,260000.000,260000.000,261000.000,184000.000,183000.000
DefinedBenefitPlansEstimatedFutureEmployerContributionsInCurrentFiscalYear,,,,,,,,,,,,,32300000.000,,,,27100000.000,,,,,,,,,
DepreciationAmortizationAndAccretionNet,19099000.000,,,,18059000.000,,,,18395000.000,,,,,,,,,,,,,,,,,
DepreciationAndAmortization,19099000.000,18867000.000,19018000.000,19905000.000,18059000.000,18456000.000,18429000.000,20006000.000,18395000.000,18192000.000,18554000.000,19775000.000,19972000.000,19780000.000,24127000.000,21718000.000,20854000.000,21463000.000,21072000.000,22207000.000,22420000.000,23994000.000,24491000.000,28142000.000,30147000.000,30145000.000
DepreciationDepletionAndAmortization,,,19018000.000,,,,,,,,,,,,,,,,,,,,,,,
DividendsCommonStock,6308000.000,,,,8482000.000,,,,12927000.000,,,,38368000.000,,,,26981000.000,,,,28410000.000,,,,37495000.000,
EarningsPerShareBasic,-0.150,0.310,0.200,0.380,0.300,0.690,0.970,0.870,0.340,0.320,0.600,0.480,0.200,0.470,0.750,0.760,0.350,0.860,0.690,0.750,0.480,0.920,0.970,0.730,0.520,1.100
EarningsPerShareDiluted,-0.150,0.300,0.200,0.380,0.290,0.680,0.950,0.850,0.330,0.310,0.590,0.480,0.200,0.470,0.740,0.740,0.340,0.850,0.690,0.740,0.470,0.920,0.960,0.740,0.520,1.090
EffectOfExchangeRateOnCashAndCashEquivalents,,,,,2276000.000,,,,-2221000.000,,,,63000.000,,,,,,,,,,,,,
EffectOfExchangeRateOnCashAndCashEquivalentsContinuingOperations,,,,,,,,,,,,,,,,,-4498000.000,,,,1556000.000,,,,1257000.000,
EffectiveIncomeTaxRateContinuingOperations,,0.347,0.446,,0.397,0.345,0.333,-0.721,0.392,0.410,0.401,-0.805,0.380,0.337,0.302,-0.687,0.359,0.339,0.343,-0.708,0.303,0.333,0.357,-0.712,0.308,0.338
EffectiveIncomeTaxRateReconciliationAtFederalStatutoryIncomeTaxRate,,,,,0.350,,,,0.350,,,,,,,,,,,,0.350,,,,0.350,
EmployeeServiceShareBasedCompensationAllocationOfRecognizedPeriodCostsCapitalizedAmount,,,,,,2932000.000,,,,,,,,,,,,,,,,,,,,
EquityMethodInvestmentDividendsOrDistributions,398000.000,,,,2324000.000,,,,2214000.000,,,,205000.000,,,,2433000.000,,,,2723000.000,,,,3612000.000,
ExcessTaxBenefitFromShareBasedCompensationFinancingActivities,971000.000,,,,,,,,4148000.000,,,,4036000.000,,,,5588000.000,,,,2607000.000,,,,0.000,
ExcessTaxBenefitFromShareBasedCompensationOperatingActivities,,,,,,,,,4148000.000,,,,4036000.000,,,,5588000.000,,,,2607000.000,,,,0.000,
FairValueMeasurementWithUnobservableInputsReconciliationRecurringBasisAssetGainLossIncludedInEarnings1,,,,,,,-110000.000,,,,,,,,,,-1013000.000,,,,80000.000,-36000.000,,,,
FairValueMeasurementWithUnobservableInputsReconciliationRecurringBasisAssetGainLossIncludedInOtherComprehensiveIncome,,1207000.000,-757000.000,,4839000.000,,,,,,,,,,,,,,,,,,,,,
FairValueMeasurementWithUnobservableInputsReconciliationRecurringBasisAssetGainLossIncludedInOtherComprehensiveIncomeLoss,,,,,,-1128000.000,-3190000.000,,-1111000.000,990000.000,-907000.000,-3146000.000,-466000.000,-223000.000,252000.000,1662000.000,-340000.000,,,,376000.000,234000.000,,,,
FairValueMeasurementWithUnobservableInputsReconciliationRecurringBasisAssetPurchases,,,,,,,,,,,,,,,,,32557000.000,,,,3282000.000,4740000.000,,,,
FairValueMeasurementWithUnobservableInputsReconciliationRecurringBasisAssetSales,,,2458000.000,,,,1135000.000,,,,,,,,,,15106000.000,,,,2223000.000,1446000.000,,,,
FairValueMeasurementWithUnobservableInputsReconciliationRecurringBasisAssetSettlements,,,1508000.000,,-1934000.000,2779000.000,1707000.000,3001000.000,337000.000,1019000.000,1215000.000,4427000.000,324000.000,360000.000,695000.000,629000.000,70000.000,,,,1782000.000,947000.000,,,,
FairValueMeasurementWithUnobservableInputsReconciliationRecurringBasisAssetTransfersIntoLevel3,,,,,,,,,,,,,,,,,,,,,2412000.000,2948000.000,,,,
FairValueMeasurementWithUnobservableInputsReconciliationRecurringBasisAssetTransfersOutOfLevel3,,,,,,,,,,,,,,,,,,,,,35799000.000,6602000.000,,,,
FutureAmortizationExpenseRemainderOfFiscalYear,,,,,8588000.000,,,,,,,,,,,,,,,,,,,,,
FutureAmortizationExpenseYearFive,,,,,1116000.000,,,,,,,,,,,,,,,,,,,,,
FutureAmortizationExpenseYearFour,,,,,2557000.000,,,,,,,,,,,,,,,,,,,,,
FutureAmortizationExpenseYearOne,,,,,10740000.000,,,,,,,,,,,,,,,,,,,,,
FutureAmortizationExpenseYearThree,,,,,3531000.000,,,,,,,,,,,,,,,,,,,,,
FutureAmortizationExpenseYearTwo,,,,,6584000.000,,,,,,,,,,,,,,,,,,,,,
GoodwillAcquiredDuringPeriod,,,,,12642000.000,,,,,,,,148415000.000,,,,28679000.000,,,,506000.000,,,,,
GoodwillForeignCurrencyTranslationGainLoss,,,,,,,,,,,,,,,,,,,,,,,,,581000.000,
GoodwillImpairmentLoss,,,,,,,,,,,,,,,,,,,,,0.000,,,,,
GoodwillOtherChanges,,,,,,,,,,,,,,,,,,,,,749000.000,,,,,
GoodwillOtherIncreaseDecrease,,,,,,,,,,,,,,,,,,,,,,,,,-621000.000,
GoodwillPeriodIncreaseDecrease,,,,,1350000.000,,,,-1874000.000,,,,,,,,,,,,,,,,,
GoodwillTranslationAdjustments,,,,,,,,,,,,,-1602000.000,,,,-4917000.000,,,,2880000.000,,,,,
IncomeLossFromContinuingOperationsBeforeIncomeTaxesExtraordinaryItemsNoncontrollingInterest,,,,,51550000.000,112290000.000,155882000.000,147684000.000,59592000.000,59224000.000,107045000.000,84847000.000,35253000.000,76458000.000,115952000.000,122897000.000,58948000.000,141622000.000,115396000.000,116799000.000,75592000.000,153607000.000,166931000.000,81451000.000,83880000.000,184154000.000
IncomeLossFromEquityMethodInvestments,-493000.000,,,,1839000.000,,,,2650000.000,,,,-2031000.000,,,,1130000.000,,,,894000.000,,,,1644000.000,
IncomeTaxExpenseBenefit,-8208000.000,17068000.000,17116000.000,25738000.000,20441000.000,38773000.000,51982000.000,54482000.000,23360000.000,24276000.000,42950000.000,33058000.000,13401000.000,25770000.000,35015000.000,42159000.000,21152000.000,48043000.000,39637000.000,35063000.000,22920000.000,51156000.000,59539000.000,490000.000,25811000.000,62259000.000
IncomeTaxesPaid,12494000.000,,,,-11989000.000,,,,-13193000.000,,,,,,,,,,,,,,,,4211000.000,
IncomeTaxesPaidNet,,,,,,,,,,,,,3952000.000,,,,28260000.000,,,,32540000.000,,,,,
IncreaseDecreaseInAccountsAndOtherReceivables,,,,,8383000.000,,,,-11631000.000,,,,-3837000.000,,,,600000.000,,,,1374000.000,,,,-714000.000,
IncreaseDecreaseInAccountsPayableAndAccruedLiabilities,-57646000.000,,,,-59395000.000,,,,-122827000.000,,,,-133600000.000,,,,-98704000.000,,,,-123039000.000,,,,-137320000.000,
IncreaseDecreaseInAccruedIncomeTaxesPayable,-21671000.000,,,,32716000.000,,,,10178000.000,,,,9625000.000,,,,,,,,,,,,,
IncreaseDecreaseInDeferredRevenue,-7030000.000,,,,-7758000.000,,,,-8029000.000,,,,-13419000.000,,,,-13033000.000,,,,-11204000.000,,,,-11812000.000,
IncreaseDecreaseInDemandDeposits,157980000.000,,,,293423000.000,,,,148496000.000,,,,69185000.000,,,,,,,,,,,,,
IncreaseDecreaseInDeposits,,,,,,,,,,,,,,,,,279636000.000,,,,59917000.000,,,,103334000.000,
IncreaseDecreaseInFinanceReceivables,,,,,-8760000.000,,,,,,,,,,,,,,,,,,,,,
IncreaseDecreaseInIncomeTaxesPayableNetOfIncomeTaxesReceivable,,,,,,,,,,,,,,,,,-7052000.000,,,,-9622000.000,,,,64170000.000,
IncreaseDecreaseInOtherOperatingCapitalNet,415000.000,,,,-7040000.000,,,,-3204000.000,,,,-8585000.000,,,,-14358000.000,,,,-4235000.000,,,,,
IncrementalCommonSharesAttributableToShareBasedPaymentArrangements,,1616000.000,1630000.000,,,,,,2441000.000,2101000.000,2000000.000,-4431000.000,2110000.000,1769000.000,1727000.000,-3802000.000,1700000.000,1337000.000,1357000.000,-2995000.000,521000.000,498000.000,680000.000,-1091000.000,643000.000,650000.000
InsuranceCommissions,319987000.000,279812000.000,293583000.000,301900000.000,302164000.000,321348000.000,355191000.000,391490000.000,387543000.000,396024000.000,440453000.000,412674000.000,336665000.000,338271000.000,395324000.000,400635000.000,342460000.000,394828000.000,462087000.000,457347000.000,405039000.000,403669000.000,495130000.000,497733000.000,453926000.000,435771000.000
InterestExpense,3820000.000,2073000.000,3225000.000,2964000.000,3035000.000,2432000.000,1970000.000,1629000.000,3244000.000,3931000.000,4034000.000,4092000.000,3851000.000,4486000.000,4670000.000,6240000.000,7242000.000,7268000.000,7288000.000,7310000.000,7799000.000,7790000.000,7838000.000,8787000.000,8715000.000,8990000.000
InterestPaid,3718000.000,,,,3060000.000,,,,1409000.000,,,,6543000.000,,,,6493000.000,,,,6507000.000,,,,7594000.000,
InvestmentIncomeNet,20771000.000,22094000.000,16695000.000,22593000.000,22377000.000,18696000.000,23154000.000,23954000.000,23058000.000,22485000.000,,,,,,,20558000.000,27864000.000,22272000.000,29859000.000,27370000.000,30925000.000,34422000.000,,,
InvestmentIncomeNonoperating,,,,,,,,,,,26001000.000,,17767000.000,23659000.000,22828000.000,,,,,,,,,,,
LaborAndRelatedExpense,285163000.000,295468000.000,293871000.000,311977000.000,305279000.000,322043000.000,344140000.000,363404000.000,344500000.000,364767000.000,377872000.000,358443000.000,326518000.000,354133000.000,365304000.000,364797000.000,358000000.000,396616000.000,400884000.000,439435000.000,382712000.000,417725000.000,438692000.000,517504000.000,415130000.000,444418000.000
LiabilityForUnpaidClaimsAndClaimsAdjustmentExpenseClaimsPaidCurrentYear1,,,,,,,,,,,,,,,,,35000000.000,,,,,,,,30610000.000,
LiabilityForUnpaidClaimsAndClaimsAdjustmentExpenseClaimsPaidPriorYears1,,,,,,,,,,,,,,,,,,,,,,,,,83404000.000,
LiabilityForUnpaidClaimsAndClaimsAdjustmentExpenseIncurredClaims1,,,,,,,,,,,,,,,,,,,,,107098000.000,122360000.000,137015000.000,122128000.000,102388000.000,110958000.000
LiabilityForUnpaidClaimsAndClaimsAdjustmentExpenseIncurredClaimsCurrentYear,,,13000000.000,,,,,,,,,,,,,,,,,,,,,,,
LiabilityForUnpaidClaimsAndClaimsAdjustmentExpensePeriodIncreaseDecrease,,,,,,,,,,,,,,,,,-66100000.000,,,,,,,,,
LitigationSettlementExpense,,,13000000.000,,,,,,,,,,,,,,,,,,,,,,,
MarketableSecuritiesUnrealizedGainLossExcludingOtherThanTemporaryImpairments,,,,,,,,,300000.000,,,,,,,,,,,,,,,,,
MinorityInterestDecreaseFromDistributionsToNoncontrollingInterestHolders,-94000.000,,,,506000.000,,,,,,,,,,,,,,,,,,,,,
MinorityInterestDecreaseFromRedemptions,-66000.000,,,,,,,,61000.000,,,,-382000.000,,,,655000.000,,,,744000.000,,,,841000.000,
MinorityInterestIncreaseFromStockIssuance,33000.000,,,,28000.000,,,,,,,,,,,,,,,,,,,,,
NetCashProvidedByUsedInFinancingActivities,147123000.000,,,,261923000.000,,,,224250000.000,,,,206226000.000,,,,254372000.000,,,,27137000.000,,,,57716000.000,
NetCashProvidedByUsedInFinancingActivitiesContinuingOperations,147123000.000,,,,261923000.000,,,,224250000.000,,,,206226000.000,,,,254372000.000,,,,27137000.000,,,,57716000.000,
NetCashProvidedByUsedInInvestingActivities,-70979000.000,,,,-2681000.000,,,,16148000.000,,,,-166085000.000,,,,-495240000.000,,,,-23759000.000,,,,-23704000.000,
NetCashProvidedByUsedInInvestingActivitiesContinuingOperations,-70979000.000,,,,-2681000.000,,,,16148000.000,,,,-166085000.000,,,,-495240000.000,,,,-23759000.000,,,,-23704000.000,
NetCashProvidedByUsedInOperatingActivities,-49613000.000,,,,-7288000.000,,,,-50871000.000,,,,-104621000.000,,,,-66317000.000,,,,-56372000.000,,,,6060000.000,
NetCashProvidedByUsedInOperatingActivitiesContinuingOperations,-49613000.000,,,,-7288000.000,,,,-50871000.000,,,,-104621000.000,,,,-66317000.000,,,,-56372000.000,,,,6060000.000,
NetIncomeLoss,-15335000.000,32341000.000,21043000.000,40227000.000,31293000.000,73001000.000,103470000.000,93277000.000,36178000.000,34672000.000,63890000.000,51627000.000,21724000.000,50594000.000,80705000.000,80511000.000,37632000.000,93347000.000,75542000.000,81565000.000,52501000.000,102149000.000,107320000.000,81023000.000,58282000.000,122257000.000
NetIncomeLossAttributableToNoncontrollingInterest,94000.000,-194000.000,252000.000,151000.000,-184000.000,516000.000,430000.000,-75000.000,54000.000,276000.000,205000.000,162000.000,128000.000,94000.000,232000.000,227000.000,164000.000,232000.000,217000.000,171000.000,171000.000,302000.000,72000.000,-62000.000,-213000.000,-362000.000
NetIncomeLossAvailableToCommonStockholdersBasic,,32341000.000,21043000.000,,31201000.000,72817000.000,103266000.000,93075000.000,36124000.000,34625000.000,63787000.000,51507000.000,21672000.000,,,,,,,,,,,,,
NetInvestmentIncome,,,,,,,,,,,,,,,,,,,,,,,,,33040000.000,39609000.000
OtherComprehensiveIncomeAvailableForSaleSecuritiesAdjustmentNetOfTaxPeriodIncreaseDecrease,-369000.000,2465000.000,-47739000.000,33327000.000,20374000.000,,,,,,,,,,,,,,,,,,,,,
OtherComprehensiveIncomeAvailableforsaleSecuritiesAdjustmentNetOfTaxPortionAttributableToNoncontrollingInterest,,,,,,,,,,,,,10000.000,,,,,,,,,,,,,
OtherComprehensiveIncomeAvailableforsaleSecuritiesAdjustmentNetOfTaxPortionAttributableToParent,,,,,,,,,,,,,3463000.000,,,,,,,,,,,,,
OtherComprehensiveIncomeAvailableforsaleSecuritiesTaxPortionAttributableToParent,,,,,,,,,,,,,-921000.000,,,,,,,,,,,,,
OtherComprehensiveIncomeDefinedBenefitPlansAdjustmentBeforeTaxPeriodIncreaseDecrease,,5856000.000,5634000.000,,2096000.000,,,,,,,,,,,,,,,,,,,,,
OtherComprehensiveIncomeDefinedBenefitPlansAdjustmentBeforeTaxPortionAttributableToParent,,,,,,,,,-6906000.000,-6906000.000,-6867000.000,-6969000.000,-6369000.000,,,,,,,,,,,,,
OtherComprehensiveIncomeDefinedBenefitPlansAdjustmentNetOfTaxPeriodIncreaseDecrease,3251000.000,3514000.000,3381000.000,-22180000.000,1257000.000,,,,,,,,,,,,,,,,,,,,,
OtherComprehensiveIncomeDefinedBenefitPlansAdjustmentNetOfTaxPortionAttributableToParent,,-150038000.000,-146657000.000,,-167580000.000,-166322000.000,-165064000.000,316558000.000,-178264000.000,-174121000.000,-170000000.000,389301000.000,-129193000.000,,,,,,,,,,,,,
OtherComprehensiveIncomeDefinedBenefitPlansTax,,-2342000.000,-2253000.000,,-839000.000,,,,,,,,,,,,,,,,,,,,,
OtherComprehensiveIncomeDefinedBenefitPlansTaxPortionAttributableToParent,,,,,,,,,,,,,2478000.000,,,,,,,,,,,,,
OtherComprehensiveIncomeDerivativesQualifyingAsHedgesNetOfTaxPortionAttributableToNoncontrollingInterest,,,,,9000.000,,,,,,,,,,,,,,,,,,,,,
OtherComprehensiveIncomeForeignCurrencyTransactionAndTranslationAdjustmentBeforeTaxPeriodIncreaseDecrease,,2335000.000,-16189000.000,,5865000.000,,,,,,,,,,,,,,,,,,,,,
OtherComprehensiveIncomeForeignCurrencyTransactionAndTranslationAdjustmentNetOfTaxPeriodIncreaseDecrease,4319000.000,2335000.000,-16189000.000,3368000.000,5865000.000,,,,,,,,,,,,,,,,,,,,,
OtherComprehensiveIncomeForeignCurrencyTransactionAndTranslationAdjustmentNetOfTaxPortionAttributableToNoncontrollingInterest,,134000.000,,,,,,,,,,,,,,,,,,,,,,,,
OtherComprehensiveIncomeForeignCurrencyTransactionAndTranslationAdjustmentNetOfTaxPortionAttributableToParent,,17480000.000,1425000.000,,10658000.000,4127000.000,12596000.000,-17457000.000,3102000.000,-6692000.000,2276000.000,-2412000.000,-9766000.000,,,,,,,,,,,,,
OtherComprehensiveIncomeLossAmortizationAdjustmentFromAOCIPensionAndOtherPostretirementBenefitPlansForNetPriorServiceCostCreditBeforeTax,,,,,,,,,,,-1097000.000,,1038000.000,,,,-1041000.000,,,,-1211000.000,,,,-1211000.000,
OtherComprehensiveIncomeLossAmortizationPensionAndOtherPostretirementBenefitPlansNetPriorServiceCostRecognizedInNetPeriodicBenefitCostBeforeTax,,,,,,,,,1096000.000,1096000.000,,,,,,,,,,,,,,,,
OtherComprehensiveIncomeLossAvailableForSaleSecuritiesAdjustmentBeforeTax,,,,,,,,,,,,,19479000.000,,,,31122000.000,,,,51893000.000,,,,39632000.000,
OtherComprehensiveIncomeLossAvailableForSaleSecuritiesAdjustmentNetOfTax,,,,,,5695000.000,11051000.000,,-253000.000,-40492000.000,5839000.000,1914000.000,11902000.000,13902000.000,-14886000.000,7944000.000,20073000.000,-28506000.000,-10942000.000,-7937000.000,31827000.000,17681000.000,2579000.000,-62446000.000,25451000.000,12634000.000
OtherComprehensiveIncomeLossBeforeReclassificationsBeforeTax,,,,,,,,,,,,,,41430000.000,-27633000.000,,9771000.000,-37918000.000,-31030000.000,-13503000.000,61898000.000,29408000.000,8976000.000,-152802000.000,43058000.000,42946000.000
OtherComprehensiveIncomeLossBeforeTaxPortionAttributableToParent,,12300000.000,-55334000.000,,34490000.000,9679000.000,31792000.000,-41040000.000,-1231000.000,-72591000.000,12202000.000,56845000.000,16293000.000,,,,,,,,,,,,,
OtherComprehensiveIncomeLossForeignCurrencyTransactionAndTranslationAdjustmentBeforeTax,,,,,,-6531000.000,8469000.000,,-6822000.000,-9794000.000,8968000.000,-6002000.000,-6040000.000,,,,-18660000.000,,,,12104000.000,,,,3434000.000,
OtherComprehensiveIncomeLossForeignCurrencyTransactionAndTranslationAdjustmentNetOfTax,,,,,,-6531000.000,8469000.000,,-6822000.000,-9794000.000,8968000.000,,-6040000.000,11612000.000,-12557000.000,-9709000.000,-18660000.000,4866000.000,-15416000.000,-7612000.000,12104000.000,-5579000.000,-3459000.000,-9400000.000,3434000.000,8709000.000
OtherComprehensiveIncomeLossForeignCurrencyTranslationAdjustmentTax,,,,,,,,,,,,,-6040000.000,,,,,,,,,,,,,
OtherComprehensiveIncomeLossNetOfTax,,,,,,1099000.000,22692000.000,,-2299000.000,-46755000.000,19328000.000,34735000.000,10051000.000,29543000.000,-26385000.000,-66761000.000,6013000.000,-19039000.000,-22300000.000,-4585000.000,47527000.000,15723000.000,2722000.000,-57365000.000,32418000.000,24980000.000
OtherComprehensiveIncomeLossNetOfTaxPeriodIncreaseDecrease,7851000.000,9214000.000,-60971000.000,15533000.000,30399000.000,,,,,,,,,,,,,,,,,,,,,
OtherComprehensiveIncomeLossNetOfTaxPortionAttributableToNoncontrollingInterest,,,,,,8000.000,12000.000,,11000.000,3000.000,5000.000,,10000.000,,,,,,,,,,,,,
OtherComprehensiveIncomeLossNetOfTaxPortionAttributableToParent,,-132191000.000,-192990000.000,,-147063000.000,-145963000.000,-123275000.000,265745000.000,-152856000.000,-199603000.000,-180277000.000,,-135496000.000,,,,,,,,,,,,,
OtherComprehensiveIncomeLossPensionAndOtherPostretirementBenefitPlansAdjustmentBeforeTax,,,,,,2098000.000,2098000.000,,,,,,3891000.000,,,,,,,,,,,,,
OtherComprehensiveIncomeLossPensionAndOtherPostretirementBenefitPlansAdjustmentNetOfTax,,,,,,-1258000.000,-1258000.000,,-4144000.000,-4143000.000,-4121000.000,-36916000.000,-3891000.000,-3892000.000,-907000.000,65186000.000,-4600000.000,-4601000.000,-4058000.000,-10964000.000,-3596000.000,-3621000.000,-3602000.000,-14481000.000,-3533000.000,-3637000.000
OtherComprehensiveIncomeLossPensionAndOtherPostretirementBenefitPlansTax,,,,,,840000.000,840000.000,,2762000.000,2763000.000,-2746000.000,-34183000.000,-2478000.000,,,,,,,,,,,,,
OtherComprehensiveIncomeLossReclassificationAdjustmentForSaleOfSecuritiesIncludedInNetIncomeBeforeTax,,,,,,,,,-6012000.000,-4691000.000,,,,,,,,,,,,,,,,
OtherComprehensiveIncomeLossReclassificationAdjustmentFromAOCIForSaleOfSecuritiesBeforeTax,,,,,,,,,,,6498000.000,,2884000.000,,,,,,,,,,,,,
OtherComprehensiveIncomeLossReclassificationAdjustmentFromAOCIForWritedownOfSecuritiesBeforeTax,,,,,,,,,,,,,4003000.000,,,,,,,,,,,,,
OtherComprehensiveIncomeLossReclassificationAdjustmentFromAOCIPensionAndOtherPostretirementBenefitPlansForNetGainLossBeforeTax,,,,,,,,,,,7964000.000,,-7407000.000,,,,8492000.000,,,,7037000.000,,,,-6933000.000,
OtherComprehensiveIncomeLossTax,,-4586000.000,-4931000.000,,8930000.000,9708000.000,12290000.000,-16412000.000,3015000.000,-24640000.000,-6905000.000,16652000.000,-10245000.000,-11416000.000,-9155000.000,7302000.000,13900000.000,-12467000.000,-2266000.000,942000.000,22296000.000,12305000.000,3399000.000,-27671000.000,16370000.000,9127000.000
OtherComprehensiveIncomeLossTaxPortionAttributableToParent1,,,,,,,,,,,,,2366000.000,,,,,,,,,,,,,
OtherComprehensiveIncomeReclassificationOfDefinedBenefitPlansNetGainLossRecognizedInNetPeriodicBenefitCostBeforeTax,,,,,,,,,8002000.000,8002000.000,,,,,,,,,,,,,,,,
OtherComprehensiveIncomeUnrealizedHoldingGainLossOnSecuritiesArisingDuringPeriodBeforeTax,,4109000.000,-44779000.000,,26529000.000,14112000.000,21225000.000,-9457000.000,5591000.000,-62797000.000,3234000.000,9767000.000,22333000.000,,,,,,,,,,,,,
OtherComprehensiveIncomeUnrealizedHoldingGainLossOnSecuritiesArisingDuringPeriodNetOfTax,,,,,,,,,,,,,19479000.000,,,,,,,,,,,,,
OtherComprehensiveIncomeUnrealizedHoldingGainLossOnSecuritiesArisingDuringPeriodTax,,-2244000.000,-2678000.000,,-8091000.000,8868000.000,11450000.000,11337000.000,253000.000,-27403000.000,-4159000.000,50835000.000,-7767000.000,,,,,,,,,,,,,
OtherCostAndExpenseOperating,188525000.000,194758000.000,189277000.000,181190000.000,189150000.000,205647000.000,213111000.000,228411000.000,205346000.000,232765000.000,222297000.000,225397000.000,188367000.000,214121000.000,219536000.000,211657000.000,208557000.000,223110000.000,220623000.000,168679000.000,186675000.000,216361000.000,219959000.000,230846000.000,207409000.000,222814000.000
OtherIncomeTaxExpenseBenefitContinuingOperations,,,,,,,,,,,,,,,,,3800000.000,,,,4200000.000,,,,1900000.000,
OtherOperatingActivitiesCashFlowStatement,,,,,,,,,,,,,,,,,,,,,,,,,-14806000.000,
OtherThanTemporaryImpairmentCreditLossesRecognizedInEarningsAdditionsAdditionalCreditLosses,,,2541000.000,,2602000.000,962000.000,,,,,,,518000.000,515000.000,0.000,668000.000,,,,,,,,,,
OtherThanTemporaryImpairmentCreditLossesRecognizedInEarningsAdditionsNoPreviousImpairment,,,1401000.000,,,,,,,,,,518000.000,,,,,,,,,,,,,
OtherThanTemporaryImpairmentLossesInvestmentsPortionInOtherComprehensiveIncomeLossBeforeTaxIncludingPortionAttributableToNoncontrollingInterest,,,,,-4839000.000,-1128000.000,-3190000.000,2655000.000,-1053000.000,1019000.000,666000.000,3177000.000,,,,,,,,,,,,,,
OtherThanTemporaryImpairmentLossesInvestmentsPortionRecognizedInEarningsNet,,,-3942000.000,,-2602000.000,-962000.000,,,,,,,518000.000,515000.000,,,,,,,,,,,,
ParticipatingSecuritiesDistributedAndUndistributedEarnings,,,,,92000.000,184000.000,204000.000,202000.000,54000.000,47000.000,103000.000,120000.000,52000.000,123000.000,,,,,,,,,,,,
ParticipatingSecuritiesDistributedAndUndistributedEarningsLossBasic,,,,,,,,,,,,,,,189000.000,,50000.000,88000.000,68000.000,115000.000,,,0.000,,,
PaymentsForLegalSettlements,,,13000000.000,,,,,,,,,,,,,,,,,,,,,,,
PaymentsForLossesAndLossAdjustmentExpense,,,,,,,,,,,,,,,,,,,,,,,,,114014000.000,
PaymentsForProceedsFromBusinessesAndInterestInAffiliates,,,,,,,,,,,,,,,,,25860000.000,,,,700000.000,,,,-250000.000,
PaymentsForProceedsFromLoansAndLeases,-4298000.000,,,,,,,,,,,,,,,,,,,,,,,,,
PaymentsForRepurchaseOfCommonStock,,,,,,,,,,,,,,,,,,,,,454000.000,,,,0.000,
PaymentsOfDividends,6267000.000,,,,6328000.000,,,,12927000.000,,,,12759000.000,,,,26981000.000,,,,28410000.000,,,,37495000.000,
PaymentsOfDividendsMinorityInterest,94000.000,,,,506000.000,,,,52000.000,,,,,,,,,,,,,,,,,
PaymentsToAcquireAvailableForSaleSecurities,210206000.000,,,,182648000.000,,,,284003000.000,,,,202519000.000,,,,806547000.000,,,,282980000.000,,,,341974000.000,
PaymentsToAcquireBusinessesGross,,,,,,,,,,,,,10900000.000,,,,,,,,,,,,,
PaymentsToAcquireBusinessesNetOfCashAcquired,,,,,14000000.000,,,,,,,,165858000.000,,,,,,,,,,,,,
PaymentsToAcquireProductiveAssets,12604000.000,,,,18172000.000,,,,18657000.000,,,,21158000.000,18906000.000,,,31881000.000,,,,29858000.000,,,,29903000.000,
PaymentsToMinorityShareholders,66000.000,,,,,,,,,,,,,,,,,,,,,,,,,
PolicyholderBenefitsAndClaimsIncurredNet,129512000.000,77237000.000,112177000.000,101210000.000,86678000.000,95389000.000,106209000.000,109441000.000,116026000.000,198766000.000,114952000.000,100612000.000,89883000.000,128466000.000,119390000.000,112284000.000,101554000.000,122870000.000,139126000.000,,,,,,,
ProceedsFromCollectionOfFinanceReceivables,,,,,,,,,,,,,4276000.000,,,,,,,,,,,,,
ProceedsFromIncomeTaxRefunds,,,,,,,,,,,,,89000.000,,,,579000.000,,,,361000.000,,,,42575000.000,
ProceedsFromIssuanceOfLongTermDebt,185000.000,,,,53000.000,,,,249095000.000,,,,150000000.000,,,,,,,,,,,,,
ProceedsFromMaturitiesPrepaymentsAndCallsOfAvailableForSaleSecurities,,,,,,,,,140890000.000,,,,74716000.000,,,,104070000.000,,,,206918000.000,,,,145316000.000,
ProceedsFromMaturitiesPrepaymentsAndCallsOfHeldToMaturitySecurities,84921000.000,,,,111736000.000,,,,,,,,,,,,,,,,,,,,,
ProceedsFromPaymentsToMinorityShareholders,,,,,,,,,,,,,-624000.000,,,,-655000.000,,,,-744000.000,,,,-853000.000,
ProceedsFromSaleOfAvailableForSaleSecurities,74303000.000,,,,101310000.000,,,,152210000.000,,,,142938000.000,,,,255643000.000,,,,74317000.000,,,,201923000.000,
ProceedsFromSaleOfPropertyPlantAndEquipment,378000.000,,,,685000.000,,,,4742000.000,,,,,,,,4197000.000,,,,8795000.000,,,,8000.000,
ProfitLoss,-15241000.000,32147000.000,21295000.000,40378000.000,31109000.000,73517000.000,103900000.000,93202000.000,36232000.000,34948000.000,64095000.000,51789000.000,21852000.000,50688000.000,80937000.000,80738000.000,37796000.000,93579000.000,75759000.000,81736000.000,52672000.000,102451000.000,107392000.000,80961000.000,58069000.000,121895000.000
PropertyPlantAndEquipmentAdditions,,,,,,,,,,,,,,,25999000.000,,32073000.000,29964000.000,32238000.000,33291000.000,29858000.000,31164000.000,42792000.000,28532000.000,31566000.000,38525000.000
RealizedInvestmentGainsLosses,-547000.000,-1903000.000,682000.000,1654000.000,456000.000,6623000.000,47271000.000,6186000.000,9256000.000,4522000.000,-6966000.000,2399000.000,3112000.000,6790000.000,14392000.000,7474000.000,-953000.000,3868000.000,-3130000.000,-6332000.000,5106000.000,8070000.000,9516000.000,361000.000,-97000.000,17861000.000
ReclassificationFromAccumulatedOtherComprehensiveIncomeCurrentPeriodBeforeTax,,,,,,,,,,,,,,-471000.000,7907000.000,,-10142000.000,-6412000.000,-6464000.000,-9860000.000,-7925000.000,1380000.000,2855000.000,-67766000.000,-5730000.000,8839000.000
RentalIncomeNonoperating,,1100000.000,1100000.000,,,,,,,,,,,,,,,,,,,,,,,
RepaymentsOfLongTermDebt,3335000.000,,,,23569000.000,,,,161326000.000,,,,3210000.000,,,,1123000.000,,,,1028000.000,,,,1323000.000,
RepaymentsOfOtherDebt,,,,,1150000.000,,,,,,,,,,,,,,,,,,,,,
RestrictedStockExpense,,3912000.000,2899000.000,,5886000.000,2741000.000,2615000.000,2711000.000,9501000.000,4197000.000,3794000.000,3335000.000,8273000.000,3091000.000,2910000.000,2923000.000,,,,,,,,,,
Revenues,931700000.000,927343000.000,964965000.000,996566000.000,966763000.000,1089833000.000,1208402000.000,1276823000.000,1146763000.000,1288464000.000,1300978000.000,1219872000.000,1012799000.000,1149969000.000,1259730000.000,1255451000.000,1111084000.000,1323789000.000,1383915000.000,1356668000.000,1201712000.000,1361533000.000,1508344000.000,1504257000.000,1317043000.000,1454429000.000
SalesRevenueNet,932247000.000,929246000.000,964283000.000,994912000.000,966307000.000,1083210000.000,1161131000.000,1270637000.000,1137507000.000,1283942000.000,1307944000.000,1217473000.000,1009687000.000,1143179000.000,1245338000.000,1247977000.000,1112037000.000,1319921000.000,1387045000.000,1363000000.000,1196606000.000,1353463000.000,1498828000.000,1503896000.000,1284100000.000,1396959000.000
SegmentReportingInformationDepreciationDepletionAndAmortizationExpense,,18867000.000,,,,,,,,,,,,,,,,,,,,,,,,
SegmentReportingInformationExpendituresForAdditionsToLongLivedAssets,,15757000.000,,,,,,,,,,,,,,,,,,,,,,,,
SegmentReportingInformationIncomeLossBeforeIncomeTaxes,,49215000.000,,,,,,,,,,,,,,,,,,,,,,,,
SegmentReportingInformationRevenue,,927343000.000,964965000.000,,,,,,,,,,,,,,,,,,,,,,,
ShareBasedCompensation,5011000.000,,,,6148000.000,,,,9887000.000,,,,9397000.000,3121000.000,3443000.000,3341000.000,10858000.000,,,,15858000.000,,,,17032000.000,
ShareBasedCompensationArrangementByShareBasedPaymentAwardCompensationCost,,4104000.000,3089000.000,,6148000.000,,,,,,,,,,,,,,,,,,,,,
ShareBasedCompensationArrangementByShareBasedPaymentAwardEquityInstrumentsOtherThanOptionsForfeitedInPeriod,,,,,-55000.000,,,,6000.000,,,,8000.000,,,,,,,,,,,,,
ShareBasedCompensationArrangementByShareBasedPaymentAwardEquityInstrumentsOtherThanOptionsForfeituresWeightedAverageGrantDateFairValue,,,,,,,,,14.090,,,,15.620,,,,,,,,,,,,,
ShareBasedCompensationArrangementByShareBasedPaymentAwardEquityInstrumentsOtherThanOptionsGrantsInPeriod,,,,,683000.000,,,,821000.000,,,,608000.000,,,,,,,,,,,,,
ShareBasedCompensationArrangementByShareBasedPaymentAwardEquityInstrumentsOtherThanOptionsGrantsInPeriodWeightedAverageGrantDateFairValue,,,,,15.480,,,,24.310,,,,26.840,,,,,,,,,,,,,
ShareBasedCompensationArrangementByShareBasedPaymentAwardEquityInstrumentsOtherThanOptionsVestedInPeriod,,,,,-869000.000,,,,785000.000,,,,760000.000,,,,,,,,,,,,,
ShareBasedCompensationArrangementByShareBasedPaymentAwardEquityInstrumentsOtherThanOptionsVestedInPeriodWeightedAverageGrantDateFairValue,,,,,14.530,,,,14.790,,,,17.300,,,,,,,,,,,,,
ShareBasedCompensationArrangementByShareBasedPaymentAwardOptionsForfeituresInPeriod,,,,,-23000.000,,,,,,,,,,,,,,,,,,,,,
ShareBasedCompensationArrangementsByShareBasedPaymentAwardOptionsExercisesInPeriodWeightedAverageExercisePrice,,,,,,,,,10.750,,,,13.820,,,,16.250,,,,,,,,,
StockIssuedDuringPeriodSharesStockOptionsExercised,,,,,-95000.000,,,,277000.000,,,,326000.000,,,,266000.000,,,,,,,,,
StockIssuedDuringPeriodValueShareBasedCompensation,-2317000.000,,,,-1150000.000,,,,964000.000,,,,3634000.000,,,,3495000.000,,,,-2144000.000,,,,-5947000.000,
StockOptionPlanExpense,,,,,,,,,,,,,67000.000,68000.000,68000.000,68000.000,,,,,,,,,,
StockRepurchaseProgramAuthorizedAmount,,,,,,,,,,,,,250000000.000,,,,,,,,,,,,,
StockRepurchaseProgramRemainingAuthorizedRepurchaseAmount,,,,,,,,,,,,,182900000.000,,,,,,,,,,,,,
StockRepurchasedAndRetiredDuringPeriodShares,,,,,203900000.000,,,,,,,,,,,,,,,,,,,,,
StockRepurchasedAndRetiredDuringPeriodValue,,,,,2500000.000,,,,,-17485000.000,47100000.000,,67100000.000,,,,,,,,454000.000,,,,,
SupplementalInformationForPropertyCasualtyInsuranceUnderwritersCurrentYearClaimsAndClaimsAdjustmentExpense,,,,,,,,,,,,,,,,,,,,,,,,,99408000.000,
SupplementalInformationForPropertyCasualtyInsuranceUnderwritersPriorYearClaimsAndClaimsAdjustmentExpense,,,,,,,,,,,,,,,,,,,,,,,,,2980000.000,
TranslationAdjustmentFunctionalToReportingCurrencyNetOfTaxPeriodIncreaseDecrease,,,,,,,,,,,,,,4300000.000,,,,,,,,,,,,
UnrealizedGainLossOnSecurities,,,,,7100000.000,,,,3400000.000,,,,,,,,,,,,,,,,,
UnrecognizedTaxBenefitsIncomeTaxPenaltiesAndInterestExpense,,,,,,,,,,,,,3400000.000,,,,,,,,,,,,,
ValuationAllowanceDeferredTaxAssetChangeInAmount,,4200000.000,,,,,,,,,,,,,,,,,,,,,,,,
WeightedAverageNumberDilutedSharesOutstandingAdjustment,,,,,,1715000.000,2264000.000,,,,,,,,,,,,,,,,,,,
WeightedAverageNumberOfDilutedSharesOutstanding,104660000.000,106838000.000,107005000.000,-211589000.000,107480000.000,107945000.000,108709000.000,-215592000.000,109993000.000,110311000.000,108437000.000,-219639000.000,108276000.000,108647000.000,108863000.000,-217098000.000,109444000.000,109796000.000,110004000.000,-219418000.000,110670000.000,110978000.000,111251000.000,-221743000.000,111822000.000,112199000.000
WeightedAverageNumberOfSharesOutstandingBasic,104660000.000,105222000.000,105375000.000,-210060000.000,105621000.000,106230000.000,106445000.000,-211989000.000,107552000.000,108210000.000,106437000.000,-215208000.000,106166000.000,106878000.000,107136000.000,-213296000.000,107744000.000,108459000.000,108647000.000,-216423000.000,110149000.000,110480000.000,110571000.000,-220652000.000,111179000.000,111549000.000
