,2011-06-30,2011-09-30,2012-03-31,2012-06-30,2012-09-30,2012-12-31,2013-03-31,2013-06-30,2013-09-30,2013-12-31,2014-03-31,2014-06-30,2014-09-30,2014-12-31,2015-03-31,2015-06-30,2015-09-30,2015-12-31,2016-03-31,2016-06-30,2016-09-30,2016-12-31,2017-03-31
AccretionAmortizationOfDiscountsAndPremiumsInvestments,,,278000.000,,,,526000.000,,,,597000.000,,,,438000.000,,,,597000.000,,,,340000.000
AdjustmentsToAdditionalPaidInCapitalSharebasedCompensationRequisiteServicePeriodRecognitionValue,,,,,,,9912000.000,,,,,,,,,,,,,,,,
AllocatedShareBasedCompensationExpense,,,,,,,,,,,2848000.000,2988000.000,8497000.000,,8943000.000,1917000.000,2056000.000,,7483000.000,2548000.000,1723000.000,,9743000.000
AntidilutiveSecuritiesExcludedFromComputationOfEarningsPerShareAmount,,,,,,,134222.000,,,,,,,,,,,,,,,,
AvailableForSaleSecuritiesContinuousUnrealizedLossPosition12MonthsOrLongerAggregateLosses,,,,,,,,,,,3656000.000,,,,9091000.000,,,,8865000.000,,,,1513000.000
AvailableForSaleSecuritiesContinuousUnrealizedLossPositionLessThan12MonthsAggregateLosses,,,,,,,,,,,7986000.000,,,,10393000.000,,,,11888000.000,,,,3087000.000
AvailableForSaleSecuritiesGrossRealizedGains,,,,4506000.000,3843000.000,,1733000.000,3022000.000,1234000.000,745000.000,343000.000,838000.000,550000.000,1956000.000,1934000.000,1466000.000,1209000.000,1153000.000,1285000.000,4400000.000,637000.000,1804000.000,293000.000
AvailableForSaleSecuritiesGrossRealizedGainsLossesSaleProceeds,,,,196096000.000,95861000.000,,78593000.000,145014000.000,79864000.000,67744000.000,112878000.000,96511000.000,92130000.000,125102000.000,97916000.000,116318000.000,96285000.000,,,,,,
AvailableForSaleSecuritiesGrossRealizedLosses,,,,,,,,,,,6000.000,39000.000,115000.000,276000.000,27000.000,232000.000,26000.000,180000.000,145000.000,378000.000,192000.000,36000.000,14000.000
AvailableForSaleSecuritiesGrossUnrealizedGains,,,,,,,,,,,124840000.000,,,,,,,,,,,,
AvailableForSaleSecuritiesGrossUnrealizedLoss,,,,,,,,,,,11642000.000,,,,,,,,,,,,
AvailableForSaleSecuritiesTransfersToTradingGrossGains,,,,323000.000,0.000,,,0.000,0.000,,,,,,,,,,,,,,
AvailableForSaleSecuritiesTransfersToTradingGrossLosses,,,,6000.000,0.000,,,0.000,0.000,,,,,,,,,,,,,,
AvailableforsaleSecuritiesGrossRealizedLossesExcludingOtherThanTemporaryImpairments,,,,56000.000,27000.000,,3000.000,448000.000,703000.000,,,,,,,,,,,,,,
BenefitsLossesAndExpenses,206934000.000,211940000.000,223136000.000,228604000.000,228532000.000,243555000.000,248213000.000,244861000.000,252903000.000,270273000.000,257496000.000,255390000.000,275167000.000,276255000.000,278330000.000,274042000.000,280871000.000,281090000.000,292750000.000,287364000.000,295189000.000,306186000.000,330322000.000
CashAndCashEquivalentsPeriodIncreaseDecrease,,,19458000.000,,,,90296000.000,,,,9249000.000,,,,-12309000.000,,,,23423000.000,,,,-26214000.000
CededPremiumsEarnedLife,435564000.000,425643000.000,418163000.000,415815000.000,414991000.000,414784000.000,410604000.000,417450000.000,407488000.000,,,,,,,,,,,,,,
CededPremiumsLifeInsuranceInForce,,,,,,,,,,,599355477000.000,,,,,,,,,,,,
CededPremiumsWritten,,,,,,,,,,,402715000.000,410546000.000,402198000.000,401358000.000,397540000.000,406854000.000,393987000.000,396839000.000,395333000.000,406683000.000,399676000.000,398867000.000,399769000.000
CommonStockDividendsPerShareDeclared,,,,,0.070,,0.110,0.110,0.110,0.110,0.120,0.120,0.120,0.120,0.160,0.160,0.160,0.160,0.170,0.170,0.180,0.180,0.190
ComprehensiveIncomeNetOfTax,54222000.000,22017000.000,55293000.000,41592000.000,66691000.000,32975000.000,32012000.000,-2132000.000,46632000.000,,,,,,,,,,,,,,
ComprehensiveIncomeNetOfTaxIncludingPortionAttributableToNoncontrollingInterest,,,,,,,,,,,48041000.000,70756000.000,17093000.000,33043000.000,32159000.000,30635000.000,21734000.000,22051000.000,77686000.000,77896000.000,58257000.000,22938000.000,57870000.000
ContractsInForceSubjectToParticipationThroughReinsurancePercentage,,,,,,,,,,,,,,,0.890,,,,0.880,,,,0.880
DeferredPolicyAcquisitionCostAmortizationExpense,27385000.000,30532000.000,26531000.000,28205000.000,29234000.000,34628000.000,31252000.000,30112000.000,32192000.000,35627000.000,35193000.000,32696000.000,36944000.000,39545000.000,36213000.000,36384000.000,40797000.000,44333000.000,43129000.000,38720000.000,45428000.000,53305000.000,51850000.000
DepreciationAmortizationAndAccretionNet,,,2491000.000,,,,2424000.000,,,,2884000.000,,,,2633000.000,,,,,,,,
DepreciationAndAmortization,,,,,,,,,,,,,,,,,,,3139000.000,,,,3409000.000
DirectPremiumsEarnedLife,560881000.000,560739000.000,561037000.000,570073000.000,567273000.000,569592000.000,570899000.000,577208000.000,576095000.000,,,,,,,,,,,,,,
DirectPremiumsLifeInsuranceInForce,,,,,,,,,,,677486177000.000,,,,,,,,,,,,
DirectPremiumsWritten,,,,,,,,,,,568205000.000,576740000.000,577482000.000,578905000.000,577458000.000,588248000.000,587882000.000,591856000.000,597130000.000,612189000.000,616587000.000,618362000.000,627698000.000
DiscontinuedOperationGainLossFromDisposalOfDiscontinuedOperationBeforeIncomeTax,,,,,,,,,,,2500000.000,,,,,,,,,,,,
DiscontinuedOperationIncomeLossFromDiscontinuedOperationBeforeIncomeTax,,,,,,,,,,,2454000.000,0.000,-28000.000,1000.000,,,,,,,,,
DiscontinuedOperationTaxEffectOfDiscontinuedOperation,,,,,,,,,,,859000.000,0.000,-10000.000,0.000,,,,,,,,,
DisposalGroupIncludingDiscontinuedOperationRevenue,,,,,,,,,,,0.000,0.000,0.000,,,,,,,,,,
DividendsCommonStockCash,,,,,,,6409000.000,,,,,,,,,,,,,,,,
EarningsPerShareBasic,0.580,0.540,0.620,0.730,0.740,0.680,0.670,0.760,0.780,0.660,0.810,0.890,0.750,0.840,0.820,0.940,0.980,0.960,0.920,1.230,1.220,1.220,1.120
EarningsPerShareDiluted,0.580,0.530,0.610,0.720,0.720,0.660,0.650,0.740,0.780,0.660,0.810,0.890,0.750,0.840,0.820,0.940,0.980,0.960,0.920,1.230,1.220,1.220,1.110
EffectOfExchangeRateOnCashAndCashEquivalents,,,5637000.000,,,,-415000.000,,,,-1293000.000,,,,-2388000.000,,,,1414000.000,,,,215000.000
EmbeddedDerivativeGainLossOnEmbeddedDerivativeNet,,,,-319000.000,218000.000,,627000.000,895000.000,-591000.000,406000.000,75000.000,253000.000,-201000.000,406000.000,-386000.000,-5000.000,122000.000,127000.000,104000.000,221000.000,-2000.000,-190000.000,66000.000
ExcessTaxBenefitFromShareBasedCompensationFinancingActivities,,,,,,,925000.000,,,,2954000.000,,,,3456000.000,,,,405000.000,,,,
FairValueMeasurementWithUnobservableInputsReconciliationRecurringBasisAssetTransfersNet,,,,,,,,,,,,,,,,,,,0.000,0.000,0.000,0.000,0.000
FeesAndCommissions,108698000.000,100883000.000,103905000.000,106761000.000,104337000.000,112772000.000,111988000.000,116857000.000,118443000.000,124520000.000,126933000.000,132039000.000,132928000.000,135266000.000,132835000.000,139150000.000,132368000.000,132793000.000,128821000.000,136902000.000,134282000.000,141681000.000,144268000.000
GainLossOnInvestments,,,,,,,2286000.000,3468000.000,-407000.000,,,,,,,,,,,,,,
GainLossOnInvestmentsExcludingOtherThanTemporaryImpairments,,,,,,,2357000.000,3469000.000,-60000.000,1096000.000,412000.000,1052000.000,234000.000,2086000.000,1521000.000,1229000.000,1305000.000,1100000.000,1244000.000,4243000.000,443000.000,1578000.000,345000.000
GainLossOnSaleOfBusiness,,,,,,,,,,,1595000.000,,,,,,,,,,,,
GrossInvestmentIncomeOperating,,,,,,,,,,,22811000.000,22881000.000,24291000.000,24838000.000,24860000.000,23029000.000,23697000.000,22870000.000,26602000.000,26220000.000,25564000.000,24404000.000,26853000.000
HeldToMaturitySecuritiesUnrecognizedHoldingGains,,,,,,,,,,,,,,,21800000.000,,,,19100000.000,,,,15700000.000
ImpairmentOfInvestments,66000.000,1117000.000,701000.000,203000.000,162000.000,138000.000,86000.000,5000.000,347000.000,657000.000,149000.000,221000.000,515000.000,3160000.000,237000.000,632000.000,1564000.000,4460000.000,2027000.000,803000.000,478000.000,112000.000,211000.000
IncomeLossFromContinuingOperations,68161000.000,63851000.000,63465000.000,,,,,,,,,,,,,,,,,,,,
IncomeLossFromContinuingOperationsBeforeIncomeTaxesExtraordinaryItemsNoncontrollingInterest,,,,,,,60232000.000,67446000.000,66554000.000,56966000.000,66832000.000,75740000.000,64020000.000,69130000.000,66809000.000,76825000.000,74953000.000,72394000.000,70212000.000,91880000.000,88437000.000,87066000.000,74842000.000
IncomeLossFromContinuingOperationsBeforeIncomeTaxesMinorityInterestAndIncomeLossFromEquityMethodInvestments,,,,71921000.000,70556000.000,,60232000.000,67446000.000,66554000.000,56966000.000,66832000.000,75740000.000,64020000.000,69130000.000,66809000.000,76825000.000,74953000.000,72394000.000,,,,,
IncomeLossFromContinuingOperationsIncludingPortionAttributableToNoncontrollingInterest,,,,,,,,,,,43485000.000,49271000.000,41613000.000,45465000.000,43401000.000,49173000.000,49350000.000,47947000.000,,,,,
IncomeLossFromContinuingOperationsPerBasicShare,,,,,,,,,,,0.780,0.890,0.750,0.840,0.820,0.940,0.980,0.960,,,,,
IncomeLossFromContinuingOperationsPerDilutedShare,,,,,,,,,,,0.780,0.890,0.750,0.840,0.820,0.940,0.980,0.960,,,,,
IncomeLossFromDiscontinuedOperationsNetOfTax,,,,,,,,,,,1595000.000,0.000,-18000.000,1000.000,,,,,,,,,
IncomeLossFromDiscontinuedOperationsNetOfTaxPerBasicShare,,,,,,,,,,,0.030,0.000,0.000,0.000,,,,,,,,,
IncomeLossFromDiscontinuedOperationsNetOfTaxPerDilutedShare,,,,,,,,,,,0.030,0.000,0.000,0.000,,,,,,,,,
IncomeTaxExpenseBenefit,24138000.000,23250000.000,21709000.000,25741000.000,24957000.000,20675000.000,21387000.000,23956000.000,23364000.000,19766000.000,23347000.000,26469000.000,22407000.000,23665000.000,23408000.000,27652000.000,25603000.000,24447000.000,25036000.000,32554000.000,30400000.000,30191000.000,22772000.000
IncreaseDecreaseInCollateralHeldUnderSecuritiesLending,,,6851000.000,,,,6602000.000,,,,-19242000.000,,,,-5411000.000,,,,-15901000.000,,,,-19680000.000
IncreaseDecreaseInDeferredPolicyAcquisitionCosts,,,67119000.000,,,,62874000.000,,,,73045000.000,,,,75434000.000,,,,86925000.000,,,,102666000.000
IncreaseDecreaseInFuturePolicyBenefitReservesAndOtherInsuranceLiabilities,,,70976000.000,,,,,,,,,,,,,,,,,,,,
IncreaseDecreaseInIncomeTaxes,,,2119000.000,,,,,,,,,,,,,,,,,,,,
IncreaseDecreaseInIncomeTaxesPayableNetOfIncomeTaxesReceivable,,,,,,,5725000.000,,,,14906000.000,,,,18576000.000,,,,20855000.000,,,,6489000.000
IncreaseDecreaseInInsuranceLiabilities,,,,,,,65701000.000,,,,54542000.000,,,,53674000.000,,,,60985000.000,,,,71124000.000
IncreaseDecreaseInOtherOperatingCapitalNet,,,64244000.000,,,,6841000.000,,,,7317000.000,,,,13747000.000,,,,15099000.000,,,,7474000.000
IncreaseDecreaseInPremiumsReceivable,,,,,,,10245000.000,,,,4173000.000,,,,-456000.000,,,,12919000.000,,,,5119000.000
IncreaseDecreaseInReinsuranceRecoverable,,,39844000.000,,,,345000.000,,,,32759000.000,,,,6956000.000,,,,28825000.000,,,,24360000.000
IncrementalCommonSharesAttributableToCallOptionsAndWarrants,,,,,,,,,0.000,,0.000,0.000,0.000,,,,,,,,,,
IncrementalCommonSharesAttributableToShareBasedPaymentArrangements,,,,,,,,,1000.000,,22000.000,23000.000,31000.000,-45000.000,48000.000,25000.000,22000.000,-63000.000,24000.000,50000.000,43000.000,-75000.000,73000.000
InsuranceCommissions,4219000.000,4909000.000,8496000.000,6458000.000,6684000.000,5917000.000,6066000.000,5424000.000,5329000.000,5652000.000,4083000.000,3881000.000,4045000.000,3344000.000,3190000.000,4145000.000,4619000.000,4386000.000,4147000.000,4472000.000,4709000.000,4455000.000,4899000.000
InterestAndDividendIncomeOperating,,,,,,,24453000.000,22279000.000,23270000.000,,,,,,,,,,,,,,
InterestExpense,6998000.000,7000000.000,6910000.000,8506000.000,8828000.000,8857000.000,8795000.000,8793000.000,8726000.000,8704000.000,8606000.000,8552000.000,8712000.000,8700000.000,8676000.000,8642000.000,8718000.000,7471000.000,7173000.000,7178000.000,7184000.000,7156000.000,7127000.000
InvestmentIncomeInterestAndDividend,,,,24987000.000,28247000.000,,,,,,,,,,,,,,,,,,
InvestmentIncomeInvestmentExpense,,,,1382000.000,1366000.000,,1237000.000,1252000.000,1167000.000,1211000.000,1212000.000,1200000.000,2527000.000,-73000.000,1212000.000,1247000.000,1210000.000,1230000.000,1210000.000,1226000.000,1208000.000,1241000.000,1241000.000
LiabilityForUnpaidClaimsAndClaimsAdjustmentExpenseClaimsPaidCurrentYear1,,,,,,,,,,,,,,,,,,,,,,,126492000.000
LiabilityForUnpaidClaimsAndClaimsAdjustmentExpenseIncurredClaims1,,,,,,,,,,,,,,,,,,,,,,,43144000.000
MarketableSecuritiesGainLoss,,,,,,,2286000.000,3468000.000,-407000.000,,,,,,,,,,,,,,
MarketableSecuritiesRealizedGainLossExcludingOtherThanTemporaryImpairments,2101000.000,803000.000,2345000.000,4448000.000,4034000.000,1196000.000,,,,,,,,,,,,,,,,,
NetCashProvidedByUsedInFinancingActivities,,,-2013000.000,,,,-8562000.000,,,,-22971000.000,,,,-49715000.000,,,,-60875000.000,,,,-45235000.000
NetCashProvidedByUsedInFinancingActivitiesContinuingOperations,,,-2013000.000,,,,-8562000.000,,,,-22971000.000,,,,-49715000.000,,,,-60875000.000,,,,-45235000.000
NetCashProvidedByUsedInInvestingActivities,,,31958000.000,,,,34901000.000,,,,-4227000.000,,,,-26608000.000,,,,47967000.000,,,,-33741000.000
NetCashProvidedByUsedInInvestingActivitiesContinuingOperations,,,31958000.000,,,,34901000.000,,,,-4227000.000,,,,-26608000.000,,,,47967000.000,,,,-33741000.000
NetCashProvidedByUsedInOperatingActivities,,,-16124000.000,,,,64372000.000,,,,37740000.000,,,,66402000.000,,,,34917000.000,,,,52547000.000
NetCashProvidedByUsedInOperatingActivitiesContinuingOperations,,,-16124000.000,,,,64372000.000,,,,37740000.000,,,,66402000.000,,,,34917000.000,,,,52547000.000
NetIncomeLoss,44023000.000,40601000.000,41756000.000,46180000.000,45599000.000,40271000.000,38845000.000,43490000.000,43190000.000,,,,,,,,,,45176000.000,59326000.000,58037000.000,56875000.000,52070000.000
NetIncomeLossAvailableToCommonStockholdersBasic,,,,45069000.000,44483000.000,,37828000.000,42938000.000,42633000.000,36655000.000,,,,,,,,,44806000.000,58835000.000,57543000.000,,51649000.000
NetIncomeLossAvailableToCommonStockholdersDiluted,,,,45088000.000,44507000.000,,37854000.000,42948000.000,42633000.000,36650000.000,,,,,,,,,44806000.000,58836000.000,57544000.000,,51649000.000
NetInvestmentIncome,27229000.000,27103000.000,26097000.000,23605000.000,26881000.000,24221000.000,23216000.000,21027000.000,22103000.000,22406000.000,21599000.000,21681000.000,20465000.000,22728000.000,21173000.000,19075000.000,18715000.000,17546000.000,21238000.000,20389000.000,19399000.000,17999000.000,19894000.000
OtherComprehensiveIncomeForeignCurrencyTransactionAndTranslationAdjustmentBeforeTaxPeriodIncreaseDecrease,1094000.000,-12106000.000,3308000.000,,,,,,,,,,,,,,,,,,,,
OtherComprehensiveIncomeForeignCurrencyTransactionAndTranslationGainLossArisingDuringPeriodNetOfTax,,,,,,,,,,,,,,,,,,,15868000.000,-1157000.000,-3136000.000,-4967000.000,1111000.000
OtherComprehensiveIncomeForeignCurrencyTranslationGainLossArisingDuringPeriodTax,,,,,,,,,,,,,,,,,-171000.000,,168000.000,-10000.000,-29000.000,-48000.000,15000.000
OtherComprehensiveIncomeLossAvailableForSaleSecuritiesAdjustmentBeforeReclassificationAdjustmentsNetOfTax,,,,,,,,,,,,,,,,,,,16066000.000,21819000.000,3334000.000,-27893000.000,4733000.000
OtherComprehensiveIncomeLossAvailableForSaleSecuritiesAdjustmentNetOfTax,,,,,,,-2694000.000,,,,,,,,,,,,16642000.000,19727000.000,3356000.000,-28970000.000,4689000.000
OtherComprehensiveIncomeLossBeforeTax,,,,,,,,,,,9065000.000,28658000.000,-31652000.000,-14576000.000,-6575000.000,-30165000.000,-33961000.000,-35552000.000,41640000.000,29182000.000,1997000.000,-49585000.000,8339000.000
OtherComprehensiveIncomeLossBeforeTaxPortionAttributableToParent,15102000.000,-22070000.000,19001000.000,-4886000.000,28352000.000,-9776000.000,-8347000.000,-65878000.000,2398000.000,,,,,,,,,,,,,,
OtherComprehensiveIncomeLossForeignCurrencyTransactionAndTranslationAdjustmentBeforeTax,,,,-4177000.000,7867000.000,,-4188000.000,-8305000.000,5586000.000,-6788000.000,-8677000.000,8444000.000,-11600000.000,-8694000.000,-20566000.000,3157000.000,-16323000.000,-8197000.000,16036000.000,-1167000.000,-3165000.000,-5015000.000,1126000.000
OtherComprehensiveIncomeLossForeignCurrencyTransactionAndTranslationAdjustmentNetOfTax,,,,,,,-4129000.000,,,,,,,,,,,,,,,,
OtherComprehensiveIncomeLossNetOfTax,,,,,,,,,,,2961000.000,21485000.000,-24502000.000,-12423000.000,-11242000.000,-18538000.000,-27616000.000,-25896000.000,32510000.000,18570000.000,220000.000,-33937000.000,5800000.000
OtherComprehensiveIncomeLossNetOfTaxPortionAttributableToParent,10199000.000,-18584000.000,13537000.000,-4588000.000,21092000.000,-7296000.000,-6833000.000,-45622000.000,3442000.000,,,,,,,,,,,,,,
OtherComprehensiveIncomeLossReclassificationAdjustmentForSaleOfSecuritiesIncludedInNetIncomeBeforeTax,,,,-4640000.000,-3654000.000,,-1659000.000,-2573000.000,-184000.000,,,,,,,,,,,,,,
OtherComprehensiveIncomeLossReclassificationAdjustmentForSaleOfSecuritiesIncludedInNetIncomeTax,,,,,,,581000.000,901000.000,-64000.000,,,,,,,,,,,,,,
OtherComprehensiveIncomeLossReclassificationAdjustmentFromAOCIForSaleOfSecuritiesBeforeTax,,,,,,,,,,,188000.000,578000.000,-80000.000,-1480000.000,1670000.000,602000.000,-381000.000,-3487000.000,-887000.000,3219000.000,-33000.000,1656000.000,68000.000
OtherComprehensiveIncomeLossReclassificationAdjustmentFromAOCIForSaleOfSecuritiesNetOfTax,,,,,,,,,,,,,,,,,,,576000.000,2092000.000,-22000.000,-75000.000,44000.000
OtherComprehensiveIncomeLossReclassificationAdjustmentFromAOCIForSaleOfSecuritiesTax,,,,,,,,,,,66000.000,202000.000,-28000.000,-518000.000,585000.000,211000.000,-133000.000,-1223000.000,-311000.000,1127000.000,-11000.000,579000.000,24000.000
OtherComprehensiveIncomeLossTax,,,,,,,,,,,6104000.000,7173000.000,-7150000.000,-2153000.000,4667000.000,-11627000.000,-6345000.000,-9656000.000,9130000.000,10612000.000,1777000.000,-15648000.000,2539000.000
OtherComprehensiveIncomeLossTaxPortionAttributableToParent,4903000.000,-3486000.000,5464000.000,,,,,,,,,,,,,,,,,,,,
OtherComprehensiveIncomeLossTaxPortionAttributableToParent1,,,,-298000.000,7260000.000,,-1514000.000,-20256000.000,-1044000.000,,,,,,,,,,,,,,
OtherComprehensiveIncomeReclassificationAdjustmentForSaleOfSecuritiesIncludedInNetIncomeBeforeTax,2073000.000,125000.000,1821000.000,,,,,,,,,,,,,,,,,,,,
OtherComprehensiveIncomeUnrealizedHoldingGainLossOnSecuritiesArisingDuringPeriodBeforeTax,16081000.000,-9839000.000,17514000.000,3931000.000,24139000.000,-5639000.000,-2500000.000,-55000000.000,-3004000.000,-8265000.000,17930000.000,20792000.000,-20132000.000,-7362000.000,15661000.000,-32720000.000,-18019000.000,-30842000.000,24717000.000,33568000.000,5129000.000,-42914000.000,7281000.000
OtherComprehensiveIncomeUnrealizedHoldingGainLossOnSecuritiesArisingDuringPeriodTax,,,,,,,,,,,,,,,,,-6249000.000,,8651000.000,11749000.000,1795000.000,-15021000.000,2548000.000
OtherCostAndExpenseOperating,41743000.000,42962000.000,41105000.000,40446000.000,39934000.000,43231000.000,45754000.000,45030000.000,41273000.000,55151000.000,40800000.000,42293000.000,45236000.000,46034000.000,44653000.000,41757000.000,40475000.000,42645000.000,47370000.000,44838000.000,45309000.000,44098000.000,52736000.000
OtherIncome,11816000.000,12887000.000,11594000.000,11580000.000,11716000.000,11642000.000,10660000.000,11197000.000,10711000.000,10163000.000,10043000.000,10385000.000,10791000.000,10918000.000,9929000.000,10651000.000,11105000.000,11488000.000,11889000.000,13007000.000,13069000.000,12611000.000,12939000.000
OtherThanTemporaryImpairmentCreditLossesRecognizedInEarningsAdditionsAdditionalCreditLosses,,,,116000.000,3000.000,,0.000,1000.000,2000.000,0.000,0.000,29000.000,103000.000,-130000.000,140000.000,586000.000,953000.000,1118000.000,1567000.000,,17000.000,,76000.000
OtherThanTemporaryImpairmentCreditLossesRecognizedInEarningsAdditionsNoPreviousImpairment,,,,10000.000,0.000,,71000.000,0.000,345000.000,190000.000,149000.000,192000.000,412000.000,2901000.000,21000.000,46000.000,336000.000,1937000.000,433000.000,798000.000,451000.000,12000.000,
OtherThanTemporaryImpairmentCreditLossesRecognizedInEarningsReductionsChangeInStatus,,,,,,,,,,,,,,,1277000.000,,,,1056000.000,615000.000,112000.000,563000.000,50000.000
OtherThanTemporaryImpairmentCreditLossesRecognizedInEarningsReductionsSecuritiesSold,,,,911000.000,938000.000,,0.000,0.000,264000.000,0.000,0.000,538000.000,1019000.000,166000.000,,,,,,,,,
OtherThanTemporaryImpairmentLossesInvestmentsPortionInOtherComprehensiveIncomeLossBeforeTaxIncludingPortionAttributableToNoncontrollingInterest,,,,,,,1600000.000,,,,2100000.000,,,,700000.000,,,,,,,,
OtherThanTemporaryImpairmentLossesInvestmentsPortionInOtherComprehensiveIncomeLossBeforeTaxPortionAttributableToParentAvailableforsaleSecurities,0.000,-136000.000,-487000.000,-76000.000,0.000,0.000,-15000.000,-4000.000,0.000,-460000.000,0.000,0.000,0.000,,,,,,,,,,
OtherThanTemporaryImpairmentLossesInvestmentsPortionInOtherComprehensiveIncomeLossNetOfTaxPortionAttributableToParentAvailableforsaleSecurities,,,,,,,10000.000,,,,,,,,,,,,,,,,
OtherThanTemporaryImpairmentLossesInvestmentsPortionInOtherComprehensiveIncomeLossTaxPortionAttributableToParentAvailableforsaleSecurities,,,,,,,,,,,,,,,,,208000.000,,,,,,
OtherThanTemporaryImpairmentLossesInvestmentsPortionRecognizedInEarningsNet,,,,,,,,,,,149000.000,221000.000,515000.000,3160000.000,237000.000,632000.000,1564000.000,4460000.000,2027000.000,,,,
OtherThanTemporaryImpairmentLossesInvestmentsPortionRecognizedInEarningsNetAvailableforsaleSecurities,66000.000,981000.000,214000.000,127000.000,162000.000,138000.000,71000.000,1000.000,347000.000,197000.000,149000.000,221000.000,515000.000,3160000.000,237000.000,632000.000,1564000.000,4460000.000,2027000.000,803000.000,478000.000,112000.000,211000.000
OtherThanTemporaryImpairmentLossesInvestmentsPortionRecognizedInEarningsNetHeldtomaturitySecurities,,,,,,,,,,,,,,,0.000,,,,0.000,,,,0.000
OtherUnderwritingExpense,,,,,,,27052000.000,28094000.000,25083000.000,28429000.000,28502000.000,28192000.000,31495000.000,27263000.000,34641000.000,29094000.000,30261000.000,29025000.000,33311000.000,33026000.000,32837000.000,33174000.000,37621000.000
ParticipatingSecuritiesDistributedAndUndistributedEarningsLossBasic,,,,,,,,,,,,,,,,,,,,,494000.000,,421000.000
ParticipatingSecuritiesDistributedAndUndistributedEarningsLossDiluted,,,,,,,,,,,,,,,,,,,,,493000.000,,421000.000
PaymentsForLossesAndLossAdjustmentExpense,,,,,,,,,,,,,,,,,,,,,,,65844000.000
PaymentsForProceedsFromOtherInvestingActivities,,,,,,,8688000.000,,,,1491000.000,,,,1635000.000,,,,7761000.000,,,,3134000.000
PaymentsForProceedsFromPolicyLoans,,,322000.000,,,,,,,,,,,,,,,,,,,,
PaymentsForRepurchaseOfCommonStock,,,,,,,3078000.000,,,,19187000.000,,,,38749000.000,,,,49945000.000,,,,29858000.000
PaymentsOfDividendsCommonStock,,,2013000.000,,,,6409000.000,,,,6738000.000,,,,8517000.000,,,,8295000.000,,,,8882000.000
PaymentsOfFinancingCosts,,,,,,,0.000,,,,,,,,,,,,,,,,
PaymentsRelatedToTaxWithholdingForShareBasedCompensation,,,,,,,,,,,,,,,6041000.000,,,,3040000.000,,,,6495000.000
PaymentsToAcquireAvailableForSaleSecuritiesDebt,,,107467000.000,,,,34958000.000,,,,113508000.000,,,,122264000.000,,,,55886000.000,,,,105464000.000
PaymentsToAcquireAvailableForSaleSecuritiesEquity,,,3040000.000,,,,46000.000,,,,5106000.000,,,,625000.000,,,,99000.000,,,,120000.000
PolicyholderBenefitsAndClaimsIncurredLifeAndAnnuity,57272000.000,64101000.000,67933000.000,68925000.000,70738000.000,71151000.000,74246000.000,69770000.000,81912000.000,,,,,,,,,,,,,,
PolicyholderBenefitsAndClaimsIncurredNet,,,,,,,,,,,75191000.000,72412000.000,81235000.000,82579000.000,82500000.000,82521000.000,88599000.000,85695000.000,90977000.000,88984000.000,93022000.000,94672000.000,102385000.000
PremiumsEarnedNetLife,125317000.000,135096000.000,142874000.000,154258000.000,152282000.000,154808000.000,160295000.000,159758000.000,168607000.000,,,,,,,,,,,,,,
PremiumsNetLifeInsuranceInForce,,,,,,,,,,,78130700000.000,,,,,,,,,,,,
PremiumsWrittenNet,,,,,,,,,,,165490000.000,166194000.000,175284000.000,177547000.000,179918000.000,181394000.000,193895000.000,195017000.000,201797000.000,205506000.000,216911000.000,219495000.000,227929000.000
ProceedsFromDivestitureOfBusinesses,,,,,,,,,,,3000000.000,,,,,,,,,,,,
ProceedsFromMaturitiesPrepaymentsAndCallsOfAvailableForSaleSecurities,,,,,,,62567000.000,,,,91596000.000,,,,72979000.000,,,,86609000.000,,,,46430000.000
ProceedsFromPaymentsForTradingSecurities,,,3807000.000,,,,-1654000.000,,,,2036000.000,,,,365000.000,,,,-2268000.000,,,,-5361000.000
ProceedsFromSaleOfAvailableForSaleSecuritiesDebt,,,67354000.000,,,,15878000.000,,,,21094000.000,,,,23278000.000,,,,25104000.000,,,,28538000.000
ProceedsFromSaleOfAvailableForSaleSecuritiesEquity,,,,,,,148000.000,,,,188000.000,,,,1659000.000,,,,,,,,9000.000
ProceedsFromStockOptionsExercised,,,,,,,,,,,,,,,136000.000,,,,,,,,
ProfitLoss,,,,,,,,,,,45080000.000,49271000.000,41595000.000,45466000.000,43401000.000,49173000.000,49350000.000,47947000.000,,,,,
RealizedInvestmentGainsLosses,,,,,,,2286000.000,,,,263000.000,831000.000,-281000.000,-1074000.000,1284000.000,597000.000,-259000.000,-3360000.000,-783000.000,3440000.000,-35000.000,1466000.000,134000.000
ReinsuranceEffectOnClaimsAndBenefitsIncurredAmountCeded,,,,,,,,,,,,,,,,,,,,,,,342800000.000
Revenues,275095000.000,275791000.000,286601000.000,300525000.000,299088000.000,304501000.000,308445000.000,312307000.000,319457000.000,327239000.000,324328000.000,331130000.000,339187000.000,345385000.000,345139000.000,350867000.000,355824000.000,353484000.000,362962000.000,379244000.000,383626000.000,393252000.000,405164000.000
SalesCommissionsAndFees,50163000.000,46971000.000,49717000.000,51475000.000,49370000.000,54007000.000,55048000.000,57638000.000,58388000.000,61163000.000,65121000.000,67364000.000,67500000.000,68790000.000,68457000.000,71499000.000,67402000.000,67535000.000,66643000.000,70146000.000,66700000.000,69326000.000,73704000.000
SalesRevenueNet,236050000.000,235801000.000,248910000.000,265340000.000,260491000.000,268638000.000,272283000.000,280083000.000,286643000.000,294670000.000,292423000.000,298233000.000,308212000.000,312813000.000,312753000.000,320544000.000,326263000.000,327810000.000,330618000.000,342408000.000,351193000.000,361176000.000,372197000.000
ShareBasedCompensation,,,5027000.000,,,,5196000.000,,,,2848000.000,,,,8943000.000,,,,7483000.000,,,,9743000.000
ShareBasedCompensationArrangementByShareBasedPaymentAwardEquityInstrumentsOtherThanOptionsGrantsInPeriodWeightedAverageGrantDateFairValue,,,,,,,32.630,,,,,,,,,,,,,,,,
ShareBasedCompensationArrangementByShareBasedPaymentAwardOptionsGrantsInPeriod,,,,,,,134222.000,,,,,,,,,,,,,,,,
ShareBasedCompensationArrangementByShareBasedPaymentAwardOptionsGrantsInPeriodWeightedAverageGrantDateFairValue,,,,,,,8.440,,,,,,,,,,,,,,,,
ShareBasedCompensationArrangementsByShareBasedPaymentAwardOptionsGrantsInPeriodWeightedAverageExercisePrice,,,,,,,32.630,,,,,,,,,,,,,,,,
ShareBasedGoodsAndNonemployeeServicesTransactionExpense,,,,,,,0.000,0.000,,,,,,,,,,,,,,,
StockGrantedDuringPeriodValueSharebasedCompensation,,,,,,,-4000.000,,,,,,,,,,,,,,,,
StockIssuedDuringPeriodSharesRestrictedStockAwardNetOfForfeitures,,,,,,,289000.000,,,,0.000,,,,,,,,,,,,
StockIssuedDuringPeriodSharesShareBasedCompensation,,,,,,,115000.000,,,,159000.000,,,,208000.000,,,,229000.000,,,,271000.000
StockIssuedDuringPeriodSharesStockOptionsExercised,,,,,,,,,,,4000.000,,,,89000.000,,,,,,,,38000.000
StockRepurchasedAndRetiredDuringPeriodShares,,,,,,,-96000.000,,,,428000.000,,,,911000.000,,,,1231000.000,,,,480000.000
StockRepurchasedAndRetiredDuringPeriodValue,,,,,,,3077000.000,,,,,,,,,,,,,,,,
SupplementalInformationForPropertyCasualtyInsuranceUnderwritersCurrentYearClaimsAndClaimsAdjustmentExpense,,,,,,,,,,,,,,,,,,,,,,,41497000.000
SupplementalInformationForPropertyCasualtyInsuranceUnderwritersPriorYearClaimsAndClaimsAdjustmentExpense,,,,,,,,,,,,,,,,,,,,,,,1647000.000
UndistributedEarnings,,,,-1111000.000,-1116000.000,,-1017000.000,-552000.000,-557000.000,,,,,,,,,,,,,,
UndistributedEarningsDiluted,,,,-1092000.000,-1092000.000,,-991000.000,-542000.000,-557000.000,,,,,,,,,,,,,,
WeightedAverageNumberDilutedSharesOutstandingAdjustment,,,,,,,1809000.000,1338000.000,,,,,,,,,,,,,,,
WeightedAverageNumberOfDilutedSharesOutstanding,74201000.000,74199000.000,66275000.000,62687000.000,61563000.000,-128124000.000,58407000.000,57849000.000,54958000.000,-114589000.000,55233000.000,54950000.000,54744000.000,-110329000.000,52691000.000,51812000.000,50104000.000,-103694000.000,48574000.000,47708000.000,47051000.000,-95880000.000,46374000.000
WeightedAverageNumberOfSharesOutstandingBasic,73457000.000,73658000.000,65133000.000,61531000.000,60060000.000,-125665000.000,56598000.000,56511000.000,54957000.000,-112232000.000,55211000.000,54927000.000,54713000.000,-110284000.000,52643000.000,51787000.000,50082000.000,-103631000.000,48550000.000,47658000.000,47008000.000,-95805000.000,46301000.000
