,2013-03-31,2013-09-30,2014-03-31,2014-06-30,2014-09-30,2014-12-31,2015-03-31,2015-06-30,2015-09-30,2015-12-31,2016-03-31,2016-06-30,2016-09-30,2016-12-31,2017-03-31
AdjustmentForAmortization,,,,,,,,,,,134492.000,206814.000,255295.000,302436.000,373226.000
AdvertisingRevenue,,,,,,,,,349161.000,,513544.000,800518.000,959148.000,890324.000,1014492.000
AmortizationOfDeferredCharges,555.000,,,,,,,,,,,,,,
AmortizationOfIntangibleAssets,,,,,,,,,,,,,,,101360.000
BusinessAcquisitionEquityInterestsIssuedOrIssuableNumberOfSharesIssued,934500.000,,,,,,,,,,,,,,
BusinessAcquisitionProFormaEarningsPerShareBasic,,,,,,,,,,,,,,,-0.160
BusinessAcquisitionsProFormaNetIncomeLoss,,,,,,,,,,,,,,,-1104058.000
BusinessAcquisitionsProFormaRevenue,,,,,,,,,,,,,,,1997107.000
BusinessCombinationProFormaInformationEarningsOrLossOfAcquireeSinceAcquisitionDateActual,,,,,,,,,,,,,,,-3066.000
BusinessCombinationProFormaInformationRevenueOfAcquireeSinceAcquisitionDateActual,,,,,,,,,,,,,,,208094.000
CashPeriodIncreaseDecrease,10837.000,,-22399.000,,,,1869.000,,,,17506398.000,,,,-5401594.000
CostOfPropertyRepairsAndMaintenance,,,,,,,,,18762.000,,,,,,
CostOfRevenue,,,,,,,,,,,190735.000,303526.000,379913.000,266489.000,491085.000
CostsAndExpenses,,,,,,,72421.000,176178.000,799161.000,782030.000,1307479.000,1651450.000,1826761.000,2196143.000,2969822.000
DebtInstrumentPeriodicPaymentInterest,3325.000,,,,,,,,,,,,,,
Depreciation,,,,,,,,,,,182968.000,225370.000,245787.000,83979.000,223467.000
DepreciationAndAmortization,,,,,,,,21973.000,189331.000,,,,,,
DepreciationDepletionAndAmortization,,,,,,,,,,,317460.000,432184.000,501082.000,386415.000,596693.000
EarningsPerShareBasic,,,,,-0.010,,,,,,,,,,
EarningsPerShareBasicAndDiluted,,,,,,,-0.040,-0.440,-0.180,-0.050,-0.190,-0.110,-0.110,-0.120,-0.160
EarningsPerShareDiluted,,,,,-0.010,,,,,,,,,,
GeneralAndAdministrativeExpense,,143.000,,,0.000,,50.000,1092.000,23742.000,128831.000,208924.000,149031.000,159930.000,270577.000,410600.000
GrossProfit,,,,,,,,,,,,,,,1192248.000
ImpairmentOfIntangibleAssetsExcludingGoodwill,,,,,,,,,,,0.000,,,,
IncomeLossFromContinuingOperations,-36065.000,-640.000,-22769.000,-4351.000,-3309.000,,,,,,,,,,
IncomeLossFromContinuingOperationsBeforeIncomeTaxesDomestic,,,,,-15053.000,,-67243.000,-179545.000,-449291.000,,,,,,
IncomeLossFromContinuingOperationsBeforeIncomeTaxesExtraordinaryItemsNoncontrollingInterest,,,,,,,,,,,-839838.000,-639661.000,-791329.000,-902547.000,-1110211.000
IncomeLossFromContinuingOperationsBeforeInterestExpenseInterestIncomeIncomeTaxesExtraordinaryItemsNoncontrollingInterestsNet,-39182.000,-11577.000,-32349.000,-19187.000,,,,,,,,,,,
IncomeLossFromContinuingOperationsPerBasicAndDilutedShare,-0.020,-0.010,-0.020,-0.010,,,,,,,,,,,
IncomeLossFromContinuingOperationsPerDilutedShare,-0.020,-0.010,-0.020,-0.010,,,,,,,,,,,
IncomeLossFromEquityMethodInvestments,2814.000,-4183.000,-2887.000,-7769.000,-4626.000,-523.000,3772.000,4642.000,4151.000,-8752.000,-44161.000,17826.000,-6623.000,5697.000,-8231.000
IncomeTaxExpenseBenefit,,,,0.000,,,,,,,,,,,0.000
IncomeTaxesPaid,,,,,,,,,,,,,,,0.000
IncreaseDecreaseDueFromAffiliates,,,,,,,,,,,,,,,2700.000
IncreaseDecreaseInAccountsPayableAndAccruedLiabilities,4006.000,,12941.000,,,,50152.000,,,,216389.000,,,,87992.000
IncreaseDecreaseInAccountsReceivable,,,1743.000,,,,,,,,-9203.000,,,,-1793.000
IncreaseDecreaseInAccruedInterestReceivableNet,-2610.000,,,,,,,,,,,,,,
IncreaseDecreaseInDeferredRevenue,,,,,,,,,,,1324.000,,,,-74207.000
IncreaseDecreaseInInterestPayableNet,,,-15135.000,,,,6024.000,,,,1634.000,,,,
IncreaseDecreaseInOtherOperatingAssets,,,,,,,,,,,,,,,-23345.000
IncreaseDecreaseInPrepaidExpense,1437.000,,-1000.000,,,,,,,,-11216.000,,,,116202.000
IncreaseDecreaseInRestrictedCash,,,,,,,,,,,,,,,30273.000
InsuranceCommissionsAndFees,,,,,,,,,,,,193761.000,83089.000,,333168.000
InterestAndFeeIncomeLoansCommercialRealEstate,,9773.000,,,,,,,,,,,,,
InterestExpense,,,,,,,8294.000,,,,1742.000,316.000,182.000,5558.000,2085.000
InterestExpenseDebt,,,6693.000,7067.000,7118.000,,,8009.000,3442.000,,,,,,
InterestExpenseLongTermDebt,6453.000,,,,,,,,,,,,,,
InterestIncomeOther,-5931.000,-6754.000,,,,,,,,,,,,,
InterestPaid,8542.000,,21828.000,,,,2270.000,,,,108.000,,,,
InvestmentIncomeInterestAndDividend,,,,,,,,,,,,,,,29725.000
LaborAndRelatedExpense,,,,,,,,6662.000,70729.000,,217435.000,418457.000,504117.000,619949.000,830847.000
LeaseAndRentalExpense,,,,,,,,,56146.000,,,,,,
NetCashProvidedByUsedInFinancingActivities,50000.000,,10000.000,,,,16708.000,,,,25142516.000,,,,
NetCashProvidedByUsedInFinancingActivitiesContinuingOperations,50000.000,,10000.000,,,,16708.000,,,,25142516.000,,,,
NetCashProvidedByUsedInInvestingActivities,,,,,,,,,,,-7425072.000,,,,-4816354.000
NetCashProvidedByUsedInInvestingActivitiesContinuingOperations,,,,,,,,,,,-7425072.000,,,,-4816354.000
NetCashProvidedByUsedInOperatingActivities,-39163.000,,-32399.000,,,,-14839.000,,,,-211046.000,,,,-585240.000
NetCashProvidedByUsedInOperatingActivitiesContinuingOperations,-39163.000,,-32399.000,,,,-14839.000,,,,-211046.000,,,,-585240.000
NetIncomeLoss,-39182.000,-11577.000,-32349.000,,,,,,,,,,,,
OperatingIncomeLoss,,,,,,,-62721.000,-176178.000,-450000.000,-417979.000,-793935.000,-657171.000,-784524.000,-902686.000,-1099895.000
OperatingLeasesRentExpenseContingentRentals,,,,,,,,,,,10786.000,,,,10932.000
OperatingLeasesRentExpenseNet,,,,,,,,,,,,,,,44816.000
OtherCostOfOperatingRevenue,,,,,,,,,,,,,,,186594.000
OtherGeneralAndAdministrativeExpense,,,,,,,,4400.000,56136.000,,,,,,
OtherPaymentsToAcquireBusinesses,,,,,,,,,,,,,,,2950000.000
PaymentsToAcquireBusinessesAndInterestInAffiliates,,,,,,,,,,,,,,,66000.000
PaymentsToAcquireBusinessesGross,,,,,,,,,,,7241567.000,,,,
PaymentsToAcquireBusinessesNetOfCashAcquired,,,,,,,,,,,,,,,2850444.000
PaymentsToAcquireInterestInSubsidiariesAndAffiliates,,,,,,,,,,,159167.000,,,,66000.000
PaymentsToAcquireInvestments,,,,,,,,,,,159167.000,,,,2054709.000
PaymentsToAcquirePropertyPlantAndEquipment,,,,,,,,,,,9368.000,,,,317090.000
PremiumsEarnedNet,,,,,,,,,,,,,,,492542.000
ProceedsFromContributionsFromAffiliates,,,,,,,1208.000,,,,0.000,,,,2700.000
ProceedsFromDivestitureOfBusinessesAndInterestsInAffiliates,,,,,,,,,,,0.000,,,,
ProceedsFromIssuanceOfCommonStock,,,,,,,,,,,25142516.000,,,,
ProceedsFromNotesPayable,50000.000,,30000.000,,,,19000.000,,,,,,,,
ProceedsFromRepaymentsOfRestrictedCashFinancingActivities,,,,,,,,,,,-14970.000,,,,
ProceedsFromSaleAndMaturityOfOtherInvestments,,,,,,,,,,,,,,,499462.000
ProfessionalFees,36065.000,10270.000,29268.000,9818.000,14892.000,12737.000,72371.000,140174.000,335322.000,189584.000,345520.000,346975.000,281719.000,268399.000,454003.000
ProfitLoss,,,,-19187.000,-15053.000,,-67243.000,-179545.000,-449291.000,-351344.000,-839838.000,-639661.000,-791329.000,-902547.000,-1110211.000
ProvisionForDoubtfulAccounts,,,,,,,,,,,27405.000,1277.000,,,
RepaymentsOfNotesPayable,,,20000.000,,,,3500.000,,,,,,,,
Revenues,,,,,,,9700.000,,349161.000,,513544.000,994279.000,1042237.000,1293457.000,1869927.000
SalesRevenueNet,,,,,,,9700.000,,349161.000,,513544.000,994279.000,1042237.000,1293457.000,1869927.000
SalesRevenueServicesNet,,,6499.000,5467.000,11583.000,,,,,,,,,,
StockIssued1,,,,,,,,,,,106018.000,,,,
TravelAndEntertainmentExpense,,,,,,,,1877.000,28528.000,,,,,,
UtilitiesCosts,,,,,,,,,20465.000,,,,,,
WeightedAverageNumberOfShareOutstandingBasicAndDiluted,1869000.000,1869000.000,1869000.000,1869000.000,1869000.000,-3738000.000,1869000.000,407195.000,2441536.000,-3236421.000,4455799.000,5945267.000,6896923.000,-11254418.000,6897375.000
