,2011-09-30,2012-03-31,2012-06-30,2012-09-30,2012-12-31,2013-03-31,2013-06-30,2013-09-30,2013-12-31,2014-03-31,2014-06-30,2014-09-30,2014-12-31,2015-03-31,2015-06-30,2015-09-30,2015-12-31,2016-03-31,2016-06-30,2016-09-30,2016-12-31,2017-03-31
AdjustmentsRelatedToTaxWithholdingForShareBasedCompensation,,,,,,,,,,,,,,-450000.000,,,,617000.000,,,,688000.000
AdjustmentsToAdditionalPaidInCapitalSharebasedCompensationRequisiteServicePeriodRecognitionValue,,125874.000,,,,421000.000,,,,,,,,,,,,,,,,
AdjustmentsToAdditionalPaidInCapitalStockIssuedIssuanceCosts,,322504.000,,,,,,,,,,,,,,,,,,,,
AllocatedShareBasedCompensationExpense,,,,,,,849000.000,346000.000,,467000.000,1301000.000,,,636000.000,1372000.000,,,,,,,
AmortizationOfFinancingCosts,,,457360.000,572852.000,,,,,,,,,,,,,,563000.000,,,,518000.000
AmortizationOfIntangibleAssets,,,282036.000,150099.000,,,,,,,,,,,,,,,,,,
AmortizationOfLeasedAsset,,11850.000,,,,12000.000,,,,12000.000,,,,,,,,,,,,
AntidilutiveSecuritiesExcludedFromComputationOfEarningsPerShareAmount,,,,,,893000.000,,,,,,,,,,,,,,,,
AssetImpairmentCharges,,932000.000,,,,,,1369000.000,,,,,,,,,,,,,,
BusinessAcquisitionProFormaEarningsPerShareBasic,,,,,,,,,,,,,,,0.160,,,,,,,
BusinessAcquisitionProFormaEarningsPerShareDiluted,,,,,,,,,,,,,,,0.150,,,,,,,0.110
BusinessAcquisitionsProFormaNetIncomeLoss,,,-335000.000,485000.000,,5639000.000,,,,,,,,,13484000.000,,,,,,,
BusinessAcquisitionsProFormaRevenue,,,48605000.000,51234000.000,,72410000.000,,,,,,,,,124368000.000,,,,,,,
CashAndCashEquivalentsPeriodIncreaseDecrease,,332812.000,,,,6810000.000,,,,,,,,-10040000.000,,,,4646000.000,,,,33352000.000
ComprehensiveIncomeNetOfTax,,,-310829.000,1360437.000,,2050000.000,7125000.000,-2672000.000,-1476000.000,3391000.000,8307000.000,9075000.000,-269000.000,9780000.000,16664000.000,12804000.000,85269000.000,47857000.000,21850000.000,27625000.000,11162000.000,33434000.000
ComprehensiveIncomeNetOfTaxAttributableToNoncontrollingInterest,,,-325791.000,39441.000,,,,,,,,,,,,,,245000.000,90000.000,118000.000,,121000.000
ComprehensiveIncomeNetOfTaxIncludingPortionAttributableToNoncontrollingInterest,,,-636620.000,1399878.000,,1990000.000,7380000.000,-2708000.000,-1646000.000,3257000.000,8484000.000,9135000.000,-324000.000,9830000.000,16766000.000,12864000.000,85877000.000,48102000.000,21940000.000,27743000.000,11169000.000,33555000.000
CostOfGoodsAndServicesSold,28843854.000,27990575.000,31442832.000,33864612.000,37882981.000,42320000.000,,,,,,,,,,,,,,,,
CostOfOtherPropertyOperatingExpense,,,,,,,21340000.000,20601000.000,,23859000.000,27041000.000,26451000.000,27608000.000,28727000.000,31688000.000,31893000.000,29666000.000,30629000.000,32929000.000,29312000.000,27982000.000,30900000.000
CostOfRevenue,,,,,,,53545000.000,53783000.000,,59919000.000,66609000.000,68192000.000,66777000.000,69268000.000,75277000.000,78394000.000,72889000.000,74138000.000,76757000.000,73530000.000,71256000.000,75204000.000
CostsAndExpenses,38834314.000,38597258.000,42770247.000,45310651.000,52048844.000,57207000.000,71644000.000,72241000.000,64618000.000,80246000.000,89348000.000,94448000.000,92267000.000,89047000.000,96156000.000,103159000.000,95083000.000,97414000.000,101561000.000,96909000.000,95564000.000,99422000.000
DebtInstrumentInterestRateDuringPeriod,,,,,,,,,,,,,,,,,,0.038,,,,0.036
DebtIssuanceCosts,,,,,,,,103000.000,,,,,,,,,,,,,,
DeferredIncomeTaxExpenseBenefit,,-462884.000,,,,104000.000,,,,-5000.000,,,,-14000.000,,,,755000.000,,,,
DepreciationAndAmortization,8391915.000,8223683.000,8143923.000,8503841.000,9391553.000,11156000.000,13291000.000,14029000.000,12708000.000,15430000.000,16645000.000,16831000.000,16406000.000,15264000.000,15403000.000,15916000.000,17469000.000,18143000.000,17685000.000,17887000.000,18691000.000,18726000.000
DepreciationDepletionAndAmortization,,8480288.000,,,,11490000.000,,,,,,,,15264000.000,,,,18143000.000,,,,18726000.000
DepreciationNonproduction,,,7437937.000,7780890.000,,,,,,,,,,,,,,,,,,
DerivativeGainLossOnDerivativeNet,,,,,,,2000.000,,,,-1000.000,,,-1000.000,,,,,,,,
DiscontinuedOperationIncomeLossFromDiscontinuedOperationBeforeIncomeTax,,,-1029901.000,54432.000,,219000.000,397000.000,-5777000.000,,,,,,,,,,,,,,
DiscontinuedOperationTaxEffectOfDiscontinuedOperation,,,-2561.000,2566.000,,42000.000,12000.000,-4080000.000,3489000.000,,,,,,,,,,,,,
DisposalGroupIncludingDiscontinuedOperationDepreciationAndAmortization,,,,,,,33000.000,406000.000,,,,,,,,,,,,,,
DisposalGroupIncludingDiscontinuedOperationInterestExpense,,,33708.000,,,82000.000,27000.000,24000.000,,,,,,,,,,,,,,
DisposalGroupIncludingDiscontinuedOperationOperatingExpense,,,1836514.000,102852.000,,,1541000.000,3653000.000,,,,,,,,,,,,,,
DisposalGroupIncludingDiscontinuedOperationOperatingIncomeLoss,,,-996193.000,54432.000,,-1333000.000,398000.000,-4970000.000,,,,,,,,,,,,,,
DisposalGroupIncludingDiscontinuedOperationRevenue,,,840321.000,157284.000,,2804000.000,1972000.000,4874000.000,,,,,,,,,,,,,,
DisposalGroupNotDiscontinuedOperationGainLossOnDisposal,,,,,,,,,,,,,,,,,,36800000.000,2700000.000,,,
DisposalGroupNotDiscontinuedOperationLossGainOnWriteDown,,,,,,,,,,,660000.000,3614000.000,,,,1115000.000,,,,577000.000,,
DividendsCash,,5361276.000,,,,10245000.000,,,,13892000.000,,,,14365000.000,,,,14402000.000,,,,19460000.000
EarningsPerShareBasic,,,,,,,,,,,,,,,,,,,0.200,0.250,,
EarningsPerShareBasicAndDiluted,0.000,-0.110,-0.040,0.010,-0.030,-0.010,0.040,-0.070,-0.080,-0.010,0.060,0.050,-0.050,0.070,0.140,0.110,,0.510,,,,0.310
EarningsPerShareDiluted,,,,,,,,,,,,,,,,,,,0.200,0.250,,
FinancialServicesCosts,,,423110.000,227577.000,,,,,,,,,,,,,,,,,,
GainLossOnDispositionOfAssets,,,-186589.000,-12206.000,,6000.000,,5000.000,,-3000.000,14000.000,,,,,,,36780000.000,2726000.000,10491000.000,-142000.000,19456000.000
GainLossOnDispositionOfAssets1,,,,,,,,,,61000.000,,,,-503000.000,,,,36780000.000,,,,4456000.000
GainLossOnDispositionOfProperty,,,,,,1640000.000,,,,,,,,,,,,,,,,
GeneralAndAdministrativeExpense,,,,,,,,,,,,5742000.000,,4515000.000,5363000.000,6897000.000,4429000.000,4579000.000,5391000.000,4388000.000,4934000.000,5138000.000
IncomeLossAttributableToNoncontrollingInterest,,,-88259.000,70051.000,,74000.000,205000.000,155000.000,,,,,,,,,,,,,,
IncomeLossFromContinuingOperations,,-1778500.000,670549.000,1588960.000,-4108009.000,1706000.000,2218000.000,-3207000.000,-8799000.000,-1077000.000,4842000.000,4114000.000,-4176000.000,6366000.000,12019000.000,9364000.000,79982000.000,,,,,
IncomeLossFromContinuingOperationsBeforeIncomeTaxesExtraordinaryItemsNoncontrollingInterest,,,,,,,6636000.000,3800000.000,,3025000.000,9530000.000,8766000.000,-146000.000,11090000.000,17204000.000,13790000.000,83725000.000,50305000.000,22090000.000,25953000.000,8463000.000,33627000.000
IncomeLossFromContinuingOperationsBeforeIncomeTaxesMinorityInterestAndIncomeLossFromEquityMethodInvestments,39609.000,-2046255.000,526448.000,1902159.000,-5247352.000,2116000.000,,,,,,,,,,,,,,,,
IncomeLossFromContinuingOperationsIncludingPortionAttributableToNoncontrollingInterest,,,,,,,6285000.000,1116000.000,,2947000.000,9201000.000,8339000.000,-56000.000,10591000.000,16301000.000,13606000.000,84758000.000,48734000.000,,,,
IncomeLossFromContinuingOperationsPerBasicAndDilutedShare,,-0.080,-0.010,0.010,-0.120,-0.010,0.030,-0.050,-0.080,-0.010,0.060,0.050,-0.060,0.070,0.140,0.110,,,,,,
IncomeLossFromDiscontinuedOperationsNetOfTax,,-1026310.000,-1027340.000,51866.000,3358784.000,177000.000,385000.000,-1697000.000,407000.000,378000.000,-41000.000,-59000.000,214000.000,,,,,,,,,
IncomeLossFromDiscontinuedOperationsNetOfTaxAttributableToNoncontrollingInterest,,,-186683.000,8397.000,,9000.000,17000.000,-66000.000,,,,,,,,,,,,,,
IncomeLossFromDiscontinuedOperationsNetOfTaxAttributableToReportingEntity,,,-840657.000,43469.000,,168000.000,368000.000,-1631000.000,392000.000,373000.000,-40000.000,-58000.000,211000.000,,,,,,,,,
IncomeLossFromDiscontinuedOperationsNetOfTaxPerBasicAndDilutedShare,,-0.030,-0.030,0.000,0.090,0.000,0.010,-0.020,0.000,,,,,,,,,,,,,
IncomeTaxExpenseBenefit,-1813.000,-267755.000,-144101.000,313199.000,-1139343.000,410000.000,351000.000,2684000.000,1449000.000,78000.000,329000.000,427000.000,-90000.000,499000.000,903000.000,184000.000,-1033000.000,1571000.000,135000.000,-1245000.000,-1911000.000,
IncomeTaxesPaidNet,,119824.000,,,,81000.000,,,,135000.000,,,,70000.000,,,,15000.000,,,,0.000
IncreaseDecreaseInAccountsPayable,,5420.000,,,,1220000.000,,,,,,,,,,,,,,,,779000.000
IncreaseDecreaseInAccountsPayableAndAccruedLiabilities,,,,,,,,,,7667000.000,,,,-1403000.000,,,,802000.000,,,,
IncreaseDecreaseInAccountsReceivable,,2543735.000,,,,7199000.000,,,,5381000.000,,,,4702000.000,,,,5572000.000,,,,4741000.000
IncreaseDecreaseInAccruedLiabilities,,-1644401.000,,,,,,,,,,,,,,,,,,,,
IncreaseDecreaseInAccruedLiabilitiesAndOtherOperatingLiabilities,,,,,,,,,,,,,,,,,,,,,,902000.000
IncreaseDecreaseInIncomeTaxesReceivable,,16316.000,,,,,,,,,,,,,,,,,,,,
IncreaseDecreaseInPrepaidDeferredExpenseAndOtherAssets,,-563893.000,,,,-2423000.000,,,,-2530000.000,,,,-223000.000,,,,2458000.000,,,,-49000.000
IncreaseDecreaseInRestrictedCash,,337133.000,,,,14030000.000,,,,452000.000,,,,-878000.000,,,,1068000.000,,,,1951000.000
IncreaseDecreaseInRestrictedCashForOperatingActivities,,-258361.000,,,,-871000.000,,,,1689000.000,,,,675000.000,,,,634000.000,,,,309000.000
IncrementalCommonSharesAttributableToShareBasedPaymentArrangements,,,,,,,474000.000,457000.000,,430000.000,498000.000,613000.000,-1217000.000,1171000.000,1177000.000,1070000.000,-2194000.000,810000.000,922000.000,909000.000,-2172000.000,468000.000
InterestExpense,3456335.000,3456365.000,4270723.000,4048676.000,3809236.000,4072000.000,4899000.000,5948000.000,5218000.000,6360000.000,6846000.000,6839000.000,6923000.000,7247000.000,7655000.000,8083000.000,7429000.000,7483000.000,7123000.000,6626000.000,6859000.000,6791000.000
InterestPaid,,3387731.000,,,,3925000.000,,,,6028000.000,,,,6912000.000,,,,6783000.000,,,,5887000.000
InterestPaidCapitalized,,,,,,77000.000,,,,45000.000,,,,66000.000,,,,0.000,,,,21000.000
InvestmentIncomeInterest,553.000,1391.000,300.000,17863.000,15446.000,18000.000,18000.000,16000.000,31000.000,50000.000,122000.000,,,,,,,,,,,
LaborAndRelatedExpense,739843.000,811638.000,711770.000,1645359.000,2870233.000,2421000.000,2294000.000,1874000.000,1629000.000,2159000.000,3330000.000,,,,,,,,,,,
LeaseAndRentalExpense,,,,,,,,,,,,,,,,,,300000.000,500000.000,400000.000,,500000.000
MinorityInterestInNetIncomeLossJointVenturePartners,,,,,,-37000.000,,,,,,,,,,,,,,,,
MinorityInterestInNetIncomeLossOperatingPartnerships,,,,,,-28000.000,,,,,,,,,,,,,,,,
NetCashProvidedByUsedInContinuingOperations,,,,,,,,,,-10155000.000,,,,,,,,,,,,
NetCashProvidedByUsedInFinancingActivities,,34332800.000,,,,222513000.000,,,,74344000.000,,,,-12574000.000,,,,9998000.000,,,,41135000.000
NetCashProvidedByUsedInFinancingActivitiesContinuingOperations,,34332800.000,,,,222513000.000,,,,74344000.000,,,,-12574000.000,,,,9998000.000,,,,41135000.000
NetCashProvidedByUsedInInvestingActivities,,-36905528.000,,,,-226788000.000,,,,-106798000.000,,,,-17911000.000,,,,-29892000.000,,,,-38389000.000
NetCashProvidedByUsedInInvestingActivitiesContinuingOperations,,-36905528.000,,,,-226788000.000,,,,-106798000.000,,,,-17911000.000,,,,-29892000.000,,,,-38389000.000
NetCashProvidedByUsedInOperatingActivities,,2905540.000,,,,11085000.000,,,,22299000.000,,,,20445000.000,,,,24540000.000,,,,30606000.000
NetCashProvidedByUsedInOperatingActivitiesContinuingOperations,,2905540.000,,,,11085000.000,,,,22299000.000,,,,20445000.000,,,,24540000.000,,,,30606000.000
NetIncomeLoss,30238.000,-1734482.000,-81849.000,1562378.000,-822047.000,1948000.000,6448000.000,-670000.000,-1848000.000,3458000.000,8975000.000,8230000.000,208000.000,10534000.000,16204000.000,13540000.000,84159000.000,48485000.000,21865000.000,27083000.000,10372000.000,33086000.000
NetIncomeLossAttributableToNoncontrollingInterest,11184.000,-1070328.000,-274942.000,78448.000,72822.000,,,,,,,,,,,,,,,,,
NetIncomeLossAvailableToCommonStockholdersBasic,,-2890732.000,-1238099.000,406128.000,-1978297.000,-504000.000,2604000.000,-4817000.000,-5995000.000,-689000.000,4828000.000,4083000.000,-3939000.000,6387000.000,12057000.000,9393000.000,80012000.000,44338000.000,17718000.000,22090000.000,3302000.000,28886000.000
NoncashOrPartNoncashAcquisitionDebtAssumed1,,,,,,,,,,43172000.000,,,,,,,,,,,,
NoncontrollingInterestInNetIncomeLossJointVenturePartnersNonredeemable,,,,,,,89000.000,272000.000,,-123000.000,124000.000,,,,,,,,,,,
NoncontrollingInterestInNetIncomeLossOperatingPartnershipsRedeemable,,,,,,,133000.000,-183000.000,,-10000.000,61000.000,50000.000,-50000.000,57000.000,97000.000,66000.000,599000.000,249000.000,90000.000,115000.000,2000.000,120000.000
NonoperatingIncomeExpense,-3455782.000,-3454974.000,-3983448.000,-4021097.000,-4220481.000,-3888000.000,-4816000.000,-6133000.000,-6892000.000,-6273000.000,-6647000.000,-6042000.000,-7020000.000,-7511000.000,-7317000.000,-8142000.000,68769000.000,29637000.000,-3544000.000,4526000.000,-6295000.000,15060000.000
OccupancyCosts,12289038.000,11787043.000,13318174.000,13990364.000,14987419.000,17621000.000,21954000.000,21927000.000,18889000.000,23692000.000,25985000.000,26365000.000,25108000.000,25506000.000,27729000.000,29428000.000,27181000.000,27269000.000,26985000.000,28705000.000,27262000.000,28514000.000
OccupancyRevenue,41482931.000,39020137.000,46153920.000,50062745.000,46361198.000,60089000.000,79075000.000,78010000.000,66105000.000,84552000.000,99680000.000,103155000.000,93085000.000,101425000.000,113714000.000,118292000.000,102771000.000,110595000.000,119285000.000,110777000.000,102613000.000,110350000.000
OperatingIncomeLoss,3495391.000,1408719.000,4509896.000,5923256.000,-1026871.000,6004000.000,11452000.000,9933000.000,5859000.000,9298000.000,16177000.000,14808000.000,6874000.000,18601000.000,24521000.000,21932000.000,14956000.000,20668000.000,25634000.000,21427000.000,14758000.000,18567000.000
OtherComprehensiveIncomeLossDerivativesQualifyingAsHedgesNetOfTax,,,,,,,710000.000,-2127000.000,,-68000.000,-676000.000,855000.000,-482000.000,-761000.000,465000.000,-742000.000,1119000.000,-632000.000,-15000.000,545000.000,795000.000,349000.000
OtherComprehensiveIncomeLossNetOfTax,,,-279829.000,-240948.000,,107000.000,710000.000,-2127000.000,429000.000,-68000.000,-676000.000,855000.000,-482000.000,-761000.000,465000.000,-742000.000,1119000.000,-632000.000,,,,349000.000
OtherComprehensiveIncomeUnrealizedGainLossOnDerivativesArisingDuringPeriodNetOfTax,,,-279829.000,-240948.000,,107000.000,,,,,,,,,,,,,,,,
OtherCostOfOperatingRevenue,243434.000,210686.000,232318.000,226496.000,241500.000,213000.000,274000.000,183000.000,74000.000,348000.000,369000.000,,,,,,,,,,,
OtherCostOfServices,10766957.000,11218315.000,12617580.000,13690221.000,13535884.000,16242000.000,,,,,,,,,,,,,,,,
OtherDirectCostsOfHotels,5544425.000,4774531.000,5274760.000,5957531.000,9118178.000,8244000.000,9977000.000,11072000.000,10522000.000,12020000.000,13214000.000,15376000.000,14778000.000,15035000.000,15860000.000,17073000.000,16042000.000,16240000.000,16843000.000,15513000.000,16012000.000,15790000.000
OtherGeneralAndAdministrativeExpense,625609.000,865550.000,912622.000,823480.000,932348.000,656000.000,1728000.000,1072000.000,1255000.000,2046000.000,2087000.000,,,,,,,,,,,
OtherHotelOperatingRevenue,846774.000,985840.000,1126223.000,1171162.000,4660775.000,3122000.000,4021000.000,4164000.000,4372000.000,4992000.000,5845000.000,6101000.000,6056000.000,6223000.000,6963000.000,6799000.000,7268000.000,7487000.000,7910000.000,7559000.000,7709000.000,7639000.000
OtherNoncashIncomeExpense,,,,,,,,,,,,,,-9000.000,,,,-194000.000,,,,198000.000
OtherNonoperatingIncome,,,474576.000,22697.000,,160000.000,63000.000,-103000.000,-463000.000,40000.000,64000.000,,,-264000.000,,,,,,,,
OtherNonoperatingIncomeExpense,,,,,,,,,,,,797000.000,,,338000.000,-59000.000,,340000.000,853000.000,661000.000,706000.000,2395000.000
PartnersCapitalAccountContributions,,,,,,7500000.000,,,,,,,,,,,,,,,,
PaymentsForCapitalImprovements,,,,,,8520000.000,,,,19037000.000,,,,16089000.000,,,,9665000.000,,,,8297000.000
PaymentsOfDividends,,5361276.000,,,,10245000.000,,,,,,,,,,,,,,,,
PaymentsOfFinancingCosts,,983853.000,,,,1196000.000,,,,398000.000,,,,,,,,1948000.000,,,,131000.000
PaymentsToAcquireBusinessesNetOfCashAcquired,,29738000.000,,,,213135000.000,,,,,,,,,,,,,,,,
PaymentsToAcquireNotesReceivable,,,,,,,,,,,,,,2634000.000,,,,27500000.000,,,,0.000
PaymentsToAcquireOtherPropertyPlantAndEquipment,,6832551.000,,,,224000.000,,,,5000.000,,,,,,,,,,,,
PaymentsToAcquireRealEstate,,,,,,,,,,89985000.000,,,,,,,,109182000.000,,,,60467000.000
PaymentsToDevelopRealEstateAssets,,,,,,,,,,,,,,66000.000,,,,0.000,,,,5088000.000
PreferredStockDividendsIncomeStatementImpact,,1156250.000,1156250.000,1156250.000,1156250.000,2452000.000,3844000.000,4147000.000,4147000.000,4147000.000,4147000.000,4147000.000,4147000.000,4147000.000,4147000.000,4147000.000,4147000.000,4147000.000,4147000.000,4993000.000,4945000.000,4200000.000
ProceedsFromIssuanceOfDebt,,111550022.000,,,,74000000.000,,,,90998000.000,,,,25000000.000,,,,150000000.000,,,,100000000.000
ProceedsFromPaymentsForOtherFinancingActivities,,,,,,,,,,,,,,-450000.000,,,,-617000.000,,,,-688000.000
ProceedsFromRepurchaseOfEquity,,-322504.000,,,,237603000.000,,,,,,,,,,,,,,,,
ProceedsFromSaleAndCollectionOfLoansReceivable,,,,,,,,,,,,,,,,,,,,,,22500000.000
ProceedsFromSaleOfProductiveAssets,,2156.000,,,,9198000.000,,,,2681000.000,,,,,,,,107477000.000,,,,14914000.000
ProfitLoss,41422.000,-2804810.000,-356791.000,1640826.000,-749225.000,1883000.000,6670000.000,-581000.000,-2075000.000,3325000.000,9160000.000,8280000.000,158000.000,10591000.000,16301000.000,13606000.000,84758000.000,48734000.000,21955000.000,27198000.000,10374000.000,33206000.000
RepaymentsOfDebt,,,,,,,,,,2364000.000,,,,22759000.000,,,,123035000.000,,,,38652000.000
RepaymentsOfDebtAndCapitalLeaseObligations,,70549589.000,,,,77649000.000,,,,,,,,,,,,,,,,
Revenues,42329705.000,40005977.000,47280143.000,51233907.000,51021973.000,63211000.000,83096000.000,82174000.000,70477000.000,89544000.000,105525000.000,109256000.000,99141000.000,107648000.000,120677000.000,125091000.000,110039000.000,118082000.000,127195000.000,118336000.000,110322000.000,117989000.000
SalesRevenueNet,42329705.000,40005977.000,47280143.000,51233907.000,51021973.000,63211000.000,83096000.000,82174000.000,70477000.000,89544000.000,105525000.000,109256000.000,99141000.000,107648000.000,120677000.000,125091000.000,110039000.000,118082000.000,127195000.000,118336000.000,110322000.000,117989000.000
ShareBasedCompensation,51201.000,125874.000,388695.000,,,421000.000,,,,467000.000,,,,636000.000,,,,793000.000,,,,1130000.000
SharesPaidForTaxWithholdingForShareBasedCompensation,,,,,,,,,,,,,,,,,,,,,,42355.000
StockIssuedDuringPeriodSharesConversionOfUnits,,,,,,,,,,,,,,,,,,31042.000,,,,10657.000
StockIssuedDuringPeriodSharesIssuedForServices,,,,,,,,,,,,,,,,,,2062.000,,,,1259.000
StockIssuedDuringPeriodSharesOther,,,,,,,,,,,,,,,,,,53059.000,,,,
StockIssuedDuringPeriodSharesShareBasedCompensationGross,,,,,,,,,,,,,,,,,,446280.000,,,,
StockIssuedDuringPeriodValueAcquisitions,,,,,,,,,,3685000.000,,,,,,,,,,,,
StockIssuedDuringPeriodValueNewIssues,,,,,,148153000.000,,,,,,,,,,,,,,,,
StockIssuedDuringPeriodValueShareBasedCompensation,,,,,,,,,,467000.000,,,,636000.000,,,,793000.000,,,,1130000.000
StockOptionPlanExpense,,,,,,156000.000,,,,,,,,,,,,,,,,
TangibleAssetImpairmentCharges,,,,,,1500000.000,,,,,,,,,,,,,,,,
UndistributedEarnings,,,,,,,,-4838000.000,,-704000.000,4802000.000,4056000.000,-3965000.000,6366000.000,12019000.000,9364000.000,79982000.000,44309000.000,17667000.000,22043000.000,3087000.000,28772000.000
UndistributedEarningsAllocatedToParticipatingSecurities,,,-12390.000,,,9000.000,18000.000,21000.000,25000.000,15000.000,26000.000,,,,,,,,,,,
UndistributedEarningsLossAllocatedToParticipatingSecuritiesBasic,,,,,,,,,,,,27000.000,,21000.000,38000.000,29000.000,30000.000,29000.000,51000.000,47000.000,215000.000,114000.000
UnrealizedGainLossOnDerivatives,,,-1012.000,-775.000,,,,,,,,,,,,,,,,,,
WeightedAverageNumberDilutedSharesOutstandingAdjustment,,,,,,266000.000,,,,,,,,,,,,,,,,
WeightedAverageNumberOfDilutedSharesOutstanding,,,,31501219.000,,62950000.000,65954000.000,68614000.000,-126781000.000,85527000.000,85663000.000,85916000.000,-171540000.000,86875000.000,87008000.000,87065000.000,-173804000.000,87170000.000,87355000.000,87401000.000,-174583000.000,93230000.000
WeightedAverageNumberOfShareOutstandingBasicAndDiluted,,,30553158.000,,,,,,,,,,,,,,,,,,,
WeightedAverageNumberOfSharesOutstandingBasic,,,,31308480.000,,62684000.000,65480000.000,68157000.000,-125994000.000,85097000.000,85165000.000,85303000.000,-170323000.000,85704000.000,85831000.000,85995000.000,-171610000.000,86360000.000,86433000.000,86492000.000,-172411000.000,92762000.000
