,2012-03-31,2012-06-30,2012-09-29,2012-12-29,2013-03-30,2013-06-29,2013-09-28,2013-12-28,2014-03-29,2014-06-28,2014-09-27,2015-04-04,2015-07-04,2015-10-03
AmortizationOfDebtDiscountPremium,260000.000,,,,372000.000,,,,530000.000,,,617000.000,,
AmortizationOfFinancingCosts,692000.000,574000.000,574000.000,573000.000,573000.000,574000.000,573000.000,2634000.000,624000.000,541000.000,555000.000,554000.000,554000.000,554000.000
AntidilutiveSecuritiesExcludedFromComputationOfEarningsPerShareAmount,,,,,93410.000,17638.000,0.000,-104405.000,497753.000,124932.000,268335.000,647134.000,234113.000,678542.000
AssetImpairmentCharges,,,,,,,,,,16193000.000,,,,
CashAndCashEquivalentsPeriodIncreaseDecrease,-39469000.000,,,,-7574000.000,,,,-49948000.000,,,-15097000.000,,
CommonStockDividendsPerShareDeclared,,0.230,0.230,,0.120,0.120,0.120,0.120,,0.000,0.000,,,
ComprehensiveIncomeNetOfTax,2942000.000,19581000.000,8603000.000,-101830000.000,9306000.000,14132000.000,4651000.000,24949000.000,-4177000.000,-27408000.000,-283294000.000,-1508000.000,-646000.000,-7951000.000
CostOfGoodsAndServicesSold,681483000.000,729150000.000,722432000.000,722320000.000,721005000.000,715160000.000,731060000.000,731560000.000,731474000.000,715505000.000,715582000.000,720326000.000,734566000.000,714646000.000
CostOfRevenue,,965324000.000,960510000.000,,968981000.000,958540000.000,977966000.000,993178000.000,1010293000.000,994449000.000,1257846000.000,983025000.000,1000558000.000,984522000.000
DebtInstrumentRedemptionPricePercentage,,,,,,,,,1.103,,,1.103,,
DeferredIncomeTaxExpenseBenefit,59000.000,,,,-201000.000,,,,-388000.000,,,,,
DefinedBenefitPlanAmortizationOfGainsLosses,,,,,,,,,-607000.000,-607000.000,-870000.000,-1361000.000,-1361000.000,-1385000.000
DefinedBenefitPlanAmortizationOfNetGainsLosses,,1117000.000,1117000.000,,1099000.000,,,,,,,,,
DefinedBenefitPlanExpectedReturnOnPlanAssets,,3067000.000,3068000.000,,3287000.000,3287.000,3287.000,9858426.000,3563000.000,3563000.000,3563000.000,3548000.000,3548000.000,3548000.000
DefinedBenefitPlanFutureAmortizationOfGainLoss,,,,,,-1099.000,-1099.000,,,,,,,
DefinedBenefitPlanInterestCost,,1956000.000,1956000.000,,1839000.000,1839.000,1839.000,5589322.000,2039000.000,2039000.000,2234000.000,2017000.000,2017000.000,1986000.000
DefinedBenefitPlanNetPeriodicBenefitCost,,143000.000,142000.000,,-349000.000,-349.000,-349.000,-744302.000,-917000.000,-917000.000,-459000.000,-170000.000,-170000.000,-177000.000
DefinedBenefitPlanRecognizedNetGainLossDueToCurtailments,,,,,,,1000000.000,,,,,,,
DefinedBenefitPlanServiceCost,,137000.000,137000.000,,,,,,,0.000,,0.000,0.000,0.000
DepreciationDepletionAndAmortization,17227000.000,,,,16971000.000,,,,16859000.000,,,16066000.000,,
DiscontinuedOperationGainLossFromDisposalOfDiscontinuedOperationBeforeIncomeTax,,,,,,,,,,-1357000.000,3010000.000,,,
DiscontinuedOperationIncomeLossFromDiscontinuedOperationBeforeIncomeTax,,,,,,,,,,-23755000.000,-42741000.000,,,-346000.000
DiscontinuedOperationIncomeLossFromDiscontinuedOperationDuringPhaseOutPeriodBeforeIncomeTax,,,,,,,,,,-22398000.000,-45751000.000,2144000.000,-872000.000,-346000.000
DiscontinuedOperationTaxEffectOfDiscontinuedOperation,,,,,,,,,,-9547000.000,-8828000.000,4088000.000,-748000.000,-139000.000
DisposalGroupIncludingDiscontinuedOperationRevenue,,,,,,,,,,103810000.000,18611000.000,,,
DividendsShareBasedCompensation,,,,,,,,,100000.000,100000.000,0.000,100000.000,0.000,0.000
EarningsPerShareBasic,0.060,0.420,0.180,-2.270,0.190,0.300,0.080,0.200,-0.100,,,,,
EarningsPerShareDiluted,0.060,0.420,0.180,-2.270,0.190,0.300,0.080,0.190,-0.100,,,,,
EffectiveIncomeTaxRateContinuingOperations,,,,,,,,,-0.449,0.402,-0.120,-0.646,-0.395,-0.321
GainLossOnContractTermination,,,,,,,,,,,,2739000.000,,
GainLossOnDispositionOfAssets,,,,,,,,,,,300000.000,,,
GainLossOnSaleOfPropertyPlantEquipment,12000.000,,,,-23000.000,,,,12000.000,,,11000.000,,
GainsLossesOnExtinguishmentOfDebt,-13304000.000,,,,,,,,-9048000.000,,,,,
GoodwillImpairmentLoss,,,,,,,,,,,280014000.000,,,
GoodwillImpairmentLossNetOfTax,,,,,,,,,,,247100000.000,,,
IncomeLossFromContinuingOperations,,,,,,,,,,-13457000.000,-249908000.000,-387000.000,-1391000.000,-8627000.000
IncomeLossFromContinuingOperationsBeforeIncomeTaxesExtraordinaryItemsNoncontrollingInterest,,,,,,,,,,,,,,-12698000.000
IncomeLossFromContinuingOperationsBeforeIncomeTaxesMinorityInterestAndIncomeLossFromEquityMethodInvestments,2591000.000,31518000.000,13085000.000,-105684000.000,14524000.000,21786000.000,6196000.000,8735000.000,-8076000.000,-22506000.000,-284038000.000,-1093000.000,-2301000.000,
IncomeLossFromContinuingOperationsPerBasicAndDilutedShare,,,,,,,,,,,,,-0.030,-0.180
IncomeLossFromContinuingOperationsPerBasicShare,,,,,,,,,,-0.280,-5.190,-0.010,,
IncomeLossFromContinuingOperationsPerDilutedShare,,,,,,,,,,-0.280,-5.190,-0.010,,
IncomeLossFromDiscontinuedOperationsNetOfTax,,,,,,,,,,-14208000.000,-33913000.000,,,
IncomeLossFromDiscontinuedOperationsNetOfTaxAttributableToReportingEntity,,,,,,,,,,-14208000.000,-33913000.000,-1944000.000,-124000.000,-207000.000
IncomeLossFromDiscontinuedOperationsNetOfTaxPerBasicAndDilutedShare,,,,,,,,,,,,,0.000,0.000
IncomeLossFromDiscontinuedOperationsNetOfTaxPerBasicShare,,,,,,,,,,-0.300,-0.700,-0.040,,
IncomeLossFromDiscontinuedOperationsNetOfTaxPerDilutedShare,,,,,,,,,,-0.300,-0.700,-0.040,,
IncomeTaxExpenseBenefit,320000.000,12607000.000,5152000.000,-7320000.000,5877000.000,8314000.000,2429000.000,83000.000,-3559000.000,-9049000.000,-34130000.000,-706000.000,-910000.000,-4071000.000
IncomeTaxesPaid,2503000.000,,,,65000.000,,,,700000.000,,,,,
IncomeTaxesPaidNet,,,,,,,,,,,,-1755000.000,,
IncreaseDecreaseInAccountsAndNotesReceivable,2214000.000,,,,1412000.000,,,,5100000.000,,,-3740000.000,,
IncreaseDecreaseInAccountsPayable,-2912000.000,,,,-14883000.000,,,,-18335000.000,,,-17293000.000,,
IncreaseDecreaseInAccruedIncomeTaxesPayable,-2242000.000,,,,6013000.000,,,,-3871000.000,,,2556000.000,,
IncreaseDecreaseInAccruedLiabilitiesAndOtherOperatingLiabilities,-10369000.000,,,,-1087000.000,,,,7120000.000,,,4301000.000,,
IncreaseDecreaseInInventories,23380000.000,,,,-3854000.000,,,,13185000.000,,,17306000.000,,
IncreaseDecreaseInOtherOperatingAssets,86000.000,,,,39000.000,,,,896000.000,,,33000.000,,
IncreaseDecreaseInPrepaidExpense,-209000.000,,,,5253000.000,,,,2878000.000,,,-2591000.000,,
IncrementalCommonSharesAttributableToNonvestedSharesWithForfeitableDividends,,166000.000,152000.000,,,,,,,0.000,,,,
IncrementalCommonSharesAttributableToShareBasedPaymentArrangements,,,,,39000.000,252000.000,381000.000,,,,,,,
InterestExpense,14066000.000,11594000.000,11597000.000,11568000.000,11584000.000,11468000.000,11412000.000,13411000.000,14294000.000,13586000.000,13277000.000,13355000.000,13303000.000,13133000.000
InterestPaid,18387000.000,,,,11899000.000,,,,11896000.000,,,8019000.000,,
InventoryLIFOReservePeriodCharge,750000.000,,,,500000.000,,,,491000.000,,,83000.000,,
NetCashProvidedByUsedInFinancingActivities,-25729000.000,,,,-10082000.000,,,,-19870000.000,,,5531000.000,,
NetCashProvidedByUsedInFinancingActivitiesContinuingOperations,-25729000.000,,,,-10082000.000,,,,-19870000.000,,,5531000.000,,
NetCashProvidedByUsedInInvestingActivities,-6843000.000,,,,-11386000.000,,,,-16428000.000,,,-15236000.000,,
NetCashProvidedByUsedInInvestingActivitiesContinuingOperations,-6843000.000,,,,-11386000.000,,,,-16428000.000,,,-15236000.000,,
NetCashProvidedByUsedInOperatingActivities,-6897000.000,,,,13894000.000,,,,-13650000.000,,,-5392000.000,,
NetCashProvidedByUsedInOperatingActivitiesContinuingOperations,-6897000.000,,,,13894000.000,,,,-13650000.000,,,-5392000.000,,
NetIncomeLoss,2271000.000,18911000.000,7933000.000,-98364000.000,8647000.000,13472000.000,3767000.000,8652000.000,-4517000.000,-27665000.000,-283821000.000,-2331000.000,-1515000.000,-8834000.000
NetIncomeLossAvailableToCommonStockholdersBasic,,18911000.000,7933000.000,,8647000.000,13472000.000,3767000.000,8652000.000,,,,,,
OperatingExpenses,226109000.000,224006000.000,225907000.000,232278000.000,235819000.000,231338000.000,234921000.000,245573000.000,254853000.000,248624000.000,248418000.000,248790000.000,,
OperatingIncomeLoss,-935654000.000,,,,,,,,,,,,,
OtherComprehensiveIncomeAmortizationOfDefinedBenefitPlanNetPriorServiceCostRecognizedInNetPeriodicPensionCostTax,,,,,440000.000,,,,,,,,,
OtherComprehensiveIncomeLossAmortizationAdjustmentFromAOCIPensionAndOtherPostretirementBenefitPlansForNetPriorServiceCostCreditNetOfTax,,,,,,660000.000,,,,,,,,
OtherComprehensiveIncomeLossAmortizationAdjustmentFromAOCIPensionAndOtherPostretirementBenefitPlansForNetPriorServiceCostCreditTax,,,,,,439000.000,440000.000,,,,,,,
OtherComprehensiveIncomeLossAmortizationPensionAndOtherPostretirementBenefitPlansNetPriorServiceCostRecognizedInNetPeriodicPensionCostNetOfTax,,,,,-659000.000,,,,,,,,,
OtherComprehensiveIncomeLossBeforeReclassificationsBeforeTax,,,,,,,,,-40000.000,-179000.000,8000.000,-93000.000,-24000.000,-21000.000
OtherComprehensiveIncomeLossBeforeReclassificationsNetOfTax,,,,,,,,,-24000.000,-107000.000,5000.000,-56000.000,-14000.000,-13000.000
OtherComprehensiveIncomeLossNetOfTax,,,,,,,884000.000,,340000.000,257000.000,527000.000,823000.000,869000.000,882000.000
OtherComprehensiveIncomeLossReclassificationAdjustmentFromAOCIOnDerivativesTax,,,,,,,150000.000,,,,,,,
OtherComprehensiveIncomeLossReclassificationAdjustmentFromAOCIPensionAndOtherPostretirementBenefitPlansForNetGainLossBeforeTax,,,,,,,,,607000.000,607000.000,-870000.000,,,
OtherComprehensiveIncomeLossReclassificationAdjustmentFromAOCIPensionAndOtherPostretirementBenefitPlansForNetGainLossNetOfTax,,,,,,-660000.000,,,,,,,,
OtherComprehensiveIncomeLossTax,,,,,,,,,-16000.000,-72000.000,3000.000,-37000.000,-10000.000,-8000.000
OtherComprehensiveIncomeReclassificationOfDefinedBenefitPlansNetGainLossRecognizedInNetPeriodicBenefitCostNetOfTax,,,,,659000.000,,,,,,,,,
PaymentsOfDebtIssuanceCosts,17972000.000,,,,,,,,,,,,,
PaymentsOfDividendsCommonStock,,,,,5394000.000,,,,95000.000,,,77000.000,,
PaymentsOfFinancingCosts,,,,,,,,,5224000.000,,,,,
PaymentsRelatedToTaxWithholdingForShareBasedCompensation,,,,,,,,,402000.000,,,218000.000,,
PaymentsToAcquirePropertyPlantAndEquipment,6855000.000,,,,11467000.000,,,,16443000.000,,,15333000.000,,
ProceedsFromIssuanceOfCommonStock,112570000.000,,,,,,,,19302000.000,,,,,
ProceedsFromIssuanceOfLongTermDebt,664875000.000,,,,,,,,450800000.000,,,,,
ProceedsFromLinesOfCredit,,,,,25000000.000,,,,84500000.000,,,109750000.000,,
ProceedsFromSaleOfPropertyPlantAndEquipment,12000.000,,,,81000.000,,,,15000.000,,,97000.000,,
ReclassificationFromAccumulatedOtherComprehensiveIncomeCurrentPeriodBeforeTax,,,,,,,,,-607000.000,-607000.000,-870000.000,-1465000.000,-1472000.000,-1492000.000
ReclassificationFromAccumulatedOtherComprehensiveIncomeCurrentPeriodNetOfTax,,,,,,,-884000.000,,-364000.000,-364000.000,-522000.000,-879000.000,-883000.000,-895000.000
ReclassificationFromAociCurrentPeriodTax,,,,,,,,,,,,,-589000.000,-597000.000
RepaymentsOfLinesOfCredit,,,,,25000000.000,,,,50750000.000,,,95250000.000,,
RepaymentsOfLongTermDebtAndCapitalSecurities,785202000.000,,,,4688000.000,,,,518001000.000,,,791000.000,,
Revenues,938245000.000,996842000.000,973595000.000,981855000.000,983505000.000,980326000.000,984162000.000,1001913000.000,1002217000.000,971943000.000,973808000.000,981932000.000,998257000.000,971824000.000
SalesRevenueNet,938245000.000,996842000.000,973595000.000,981855000.000,983505000.000,980326000.000,984162000.000,1001913000.000,1002217000.000,971943000.000,973808000.000,981932000.000,998257000.000,971824000.000
SellingGeneralAndAdministrativeExpense,,,,,,,,,,,,,252135000.000,256189000.000
ShareBasedCompensation,238000.000,400000.000,400000.000,393000.000,389000.000,800000.000,800000.000,776000.000,860000.000,1200000.000,800000.000,1232000.000,1600000.000,1600000.000
ShareBasedCompensationArrangementByShareBasedPaymentAwardEquityInstrumentsOtherThanOptionsForfeitedInPeriod,,,,,13.000,,,,,,,,,
ShareBasedCompensationArrangementByShareBasedPaymentAwardEquityInstrumentsOtherThanOptionsForfeituresWeightedAverageGrantDateFairValue,,,,,8.500,,,,,,,,,
ShareBasedCompensationArrangementByShareBasedPaymentAwardEquityInstrumentsOtherThanOptionsGrantsInPeriod,,,,,8.000,,,,,,,,,
ShareBasedCompensationArrangementByShareBasedPaymentAwardEquityInstrumentsOtherThanOptionsGrantsInPeriodWeightedAverageGrantDateFairValue,,,,,4.580,,,,,,,,,
ShareBasedCompensationArrangementByShareBasedPaymentAwardEquityInstrumentsOtherThanOptionsVestedInPeriod,,,,,179.000,,,,,,,,,
ShareBasedCompensationArrangementByShareBasedPaymentAwardEquityInstrumentsOtherThanOptionsVestedInPeriodWeightedAverageGrantDateFairValue,,,,,8.500,,,,,,,,,
ShareBasedCompensationArrangementByShareBasedPaymentAwardOptionsGrantsInPeriod,,,,,,,,,990540.000,,,1665642.000,,
WeightedAverageNumberOfDilutedSharesOutstanding,38596000.000,44990000.000,44976000.000,-85515000.000,44951000.000,45214000.000,45352000.000,-90218000.000,46479000.000,48123000.000,48167000.000,48233000.000,,
WeightedAverageNumberOfShareOutstandingBasicAndDiluted,,,,,,,,,,,,,48436000.000,48453000.000
WeightedAverageNumberOfSharesOutstandingBasic,37719000.000,44824000.000,44824000.000,-84320000.000,44912000.000,44962000.000,44971000.000,-89896000.000,46479000.000,48123000.000,48167000.000,48233000.000,,
WriteOffOfDeferredDebtIssuanceCost,,,,,,,,,4800000.000,,,,,
