,2014-03-31,2014-06-30,2014-09-30,2014-12-31,2015-03-31,2015-06-30,2015-09-30,2015-12-31,2016-03-31,2016-06-30,2016-09-30,2016-12-31,2017-03-31
AdjustmentForAmortization,62670000.000,59846000.000,61540000.000,63431000.000,52824000.000,51318000.000,59050000.000,60359000.000,52250000.000,51696000.000,54456000.000,59942000.000,49051000.000
AmortizationOfFinancingCosts,1188000.000,,,,3209000.000,,,,,,,,
AmortizationOfFinancingCostsAndDiscounts,,,,,,,,,1046000.000,,,,1046000.000
AmortizationOfIntangibleAssets,33700000.000,27800000.000,28100000.000,,23143000.000,19148000.000,19358000.000,19358000.000,17793000.000,14413000.000,14573000.000,14572000.000,13398000.000
AssetImpairmentCharges,,1279000.000,,,,,,,,,,,
CashAndCashEquivalentsPeriodIncreaseDecrease,-145865000.000,,,,105456000.000,,,,-65374000.000,,,,-76562000.000
ComprehensiveIncomeNetOfTax,-146123000.000,14026000.000,106545000.000,-99437000.000,-160949000.000,-7925000.000,127302000.000,-105236000.000,-171069000.000,-31499000.000,89691000.000,-185248000.000,-119359000.000
CostOfGoodsSold,152373000.000,223635000.000,263906000.000,184129000.000,146175000.000,215133000.000,272287000.000,190586000.000,151592000.000,219194000.000,254653000.000,176870000.000,148511000.000
CostOfGoodsSoldExcludingDepreciationDepletionAndAmortization,92648000.000,166796000.000,205395000.000,123887000.000,96569000.000,168076000.000,220492000.000,137531000.000,105518000.000,173466000.000,206177000.000,125554000.000,107536000.000
DebtInstrumentPeriodicPaymentPrincipal,,,,,63600000.000,,,,,,,,
DeferredIncomeTaxExpenseBenefit,947000.000,,,,14469000.000,,,,,,,,
DeferredIncomeTaxesAndTaxCredits,,,,,,,,,33298000.000,,,,13678000.000
DefinedBenefitPlansEstimatedFutureEmployerContributionsInCurrentFiscalYear,6800000.000,,,,0.000,,,,0.000,,,,0.000
Depreciation,17239000.000,18082000.000,17564000.000,19405000.000,18409000.000,17776000.000,17165000.000,19289000.000,18344000.000,19390000.000,21225000.000,20866000.000,19270000.000
DepreciationAndAmortization,79909000.000,,,,71234000.000,,,,70594000.000,,,,68321000.000
EarningsPerShareBasic,,0.080,0.760,,-1.120,-0.060,0.970,-0.770,-1.340,-0.230,0.740,-1.490,-0.980
EarningsPerShareBasicAndDiluted,-1.050,,,,,,,,,,,,
EarningsPerShareDiluted,,0.080,0.750,,-1.120,-0.060,0.940,-0.740,-1.340,-0.230,0.730,-1.480,-0.980
EffectiveIncomeTaxRateContinuingOperations,0.012,0.159,0.029,-0.141,0.151,0.596,-0.433,-0.442,-0.263,0.089,-0.214,0.201,-0.135
FairValueMeasurementWithUnobservableInputsReconciliationRecurringBasisLiabilityGainLossIncludedInEarnings,30000.000,,,,,,,,,,,,
GainLossOnDerivativeInstrumentsNetPretax,-103000.000,-205000.000,-1252000.000,-33000.000,-2220000.000,369000.000,-42000.000,-469000.000,784000.000,-619000.000,257000.000,-1036000.000,45000.000
GainsLossesOnExtinguishmentOfDebt,,,,,,-2173000.000,-878000.000,,,,,,
GoodwillAcquiredDuringPeriod,,,,,,,,,0.000,,,,0.000
GoodwillImpairmentLoss,0.000,,,,,,,,,,,,
IncomeLossFromContinuingOperationsBeforeIncomeTaxesExtraordinaryItemsNoncontrollingInterest,-144552000.000,13724000.000,110237000.000,-84658000.000,-138964000.000,-19147000.000,91443000.000,-86841000.000,-130753000.000,-31173000.000,74135000.000,-262259000.000,-106266000.000
IncomeTaxExpenseBenefit,1783000.000,2176000.000,3207000.000,-924000.000,20976000.000,-11404000.000,-39638000.000,10426000.000,34395000.000,-2782000.000,-15887000.000,-81218000.000,14392000.000
IncreaseDecreaseInAccountsPayableAndAccruedLiabilities,-34269000.000,,,,-21670000.000,,,,-12744000.000,,,,2057000.000
IncreaseDecreaseInAccountsReceivable,-57854000.000,,,,-58866000.000,,,,-72709000.000,,,,-48812000.000
IncreaseDecreaseInDeferredRevenue,-9443000.000,,,,-14743000.000,,,,-37981000.000,,,,-37904000.000
IncreaseDecreaseInIncomeTaxes,,,,,,,,,,,,,-20000000.000
IncreaseDecreaseInInterestPayableNet,-7000.000,,,,-7000.000,,,,,,,,-88000.000
IncreaseDecreaseInInventories,26637000.000,,,,29484000.000,,,,50620000.000,,,,46690000.000
IncreaseDecreaseInOtherOperatingAssets,,,,,,,,,3090000.000,,,,3366000.000
IncreaseDecreaseInOtherOperatingLiabilities,-2429000.000,,,,7166000.000,,,,4526000.000,,,,3550000.000
IncreaseDecreaseInPensionAndPostretirementObligations,-2941000.000,,,,-1355000.000,,,,-1574000.000,,,,-1785000.000
IncreaseDecreaseInRestructuringReserve,-1769000.000,,,,-1116000.000,,,,-469000.000,,,,-3546000.000
IncreaseDecreaseInRoyaltiesPayable,-21112000.000,,,,-24875000.000,,,,-25516000.000,,,,-21804000.000
InterestExpense,4297000.000,4395000.000,4662000.000,4891000.000,5954000.000,6160000.000,10196000.000,9735000.000,9333000.000,9402000.000,9493000.000,10435000.000,10208000.000
LitigationSettlementAmount,,,,,,,,,,-10000000.000,,,4500000.000
NetCashProvidedByUsedInFinancingActivities,-991000.000,,,,-56001000.000,,,,-25342000.000,,,,-1894000.000
NetCashProvidedByUsedInFinancingActivitiesContinuingOperations,-991000.000,,,,-56001000.000,,,,-25342000.000,,,,-1894000.000
NetCashProvidedByUsedInInvestingActivities,-42330000.000,,,,254388000.000,,,,72718000.000,,,,21210000.000
NetCashProvidedByUsedInInvestingActivitiesContinuingOperations,-42330000.000,,,,254388000.000,,,,72718000.000,,,,21210000.000
NetCashProvidedByUsedInOperatingActivities,-102544000.000,,,,-92931000.000,,,,-112750000.000,,,,-95878000.000
NetCashProvidedByUsedInOperatingActivitiesContinuingOperations,-102544000.000,,,,-92931000.000,,,,-112750000.000,,,,-95878000.000
NetIncomeLoss,-146335000.000,11548000.000,107030000.000,-83734000.000,-159940000.000,-7743000.000,131081000.000,-97267000.000,-165148000.000,-28391000.000,90022000.000,-181041000.000,-120658000.000
NoncashOrPartNoncashAcquisitionFixedAssetsAcquired1,4272000.000,,,,2980000.000,,,,785000.000,,,,
OperatingIncomeLoss,-140152000.000,18324000.000,116151000.000,-79734000.000,-130790000.000,-11183000.000,102559000.000,-76637000.000,-122204000.000,-21152000.000,83371000.000,-250788000.000,-96103000.000
OtherComprehensiveIncomeLossAmortizationAdjustmentFromAOCIPensionAndOtherPostretirementBenefitPlansForNetPriorServiceCostCreditNetOfTax,,243000.000,,,,,,,,,,,
OtherComprehensiveIncomeLossForeignCurrencyTransactionAndTranslationAdjustmentNetOfTax,203000.000,500000.000,-485000.000,-247000.000,-1009000.000,-182000.000,637000.000,-1586000.000,47000.000,-257000.000,-91000.000,-919000.000,-60000.000
OtherComprehensiveIncomeLossNetOfTax,212000.000,2478000.000,-485000.000,-15703000.000,-1009000.000,-182000.000,-3779000.000,-7969000.000,-5921000.000,-3108000.000,-331000.000,-4207000.000,1299000.000
OtherComprehensiveIncomeLossPensionAndOtherPostretirementBenefitPlansAdjustmentNetOfTax,,-1983000.000,,,,,,,,,,,
OtherComprehensiveIncomeLossReclassificationAdjustmentFromAOCIPensionAndOtherPostretirementBenefitPlansForNetGainLossNetOfTax,,-1740000.000,,,,,,,,,,,
OtherComprehensiveIncomeUnrealizedGainLossOnDerivativesArisingDuringPeriodNetOfTax,,,,,,,-4461000.000,,-6028000.000,-2848000.000,-246000.000,6655000.000,1361000.000
OtherComprehensiveIncomeUnrealizedHoldingGainLossOnSecuritiesArisingDuringPeriodNetOfTax,9000.000,-5000.000,,,,,45000.000,,60000.000,-3000.000,6000.000,-6000.000,-2000.000
PaymentOfFinancingAndStockIssuanceCosts,2114000.000,-1576000.000,-461000.000,4347000.000,3377000.000,15515000.000,,,167000.000,,,,
PaymentsForLegalSettlements,,,,,,,,,,,4000000.000,,
PaymentsForRepurchaseOfCommonStock,,,,,,,,,30998000.000,,,,
PaymentsForRestructuring,3526000.000,,,,2172000.000,,,,2046000.000,,,,4823000.000
PaymentsRelatedToTaxWithholdingForShareBasedCompensation,366000.000,,,,124000.000,,,,1039000.000,,,,789000.000
PaymentsToAcquirePropertyPlantAndEquipment,14994000.000,,,,14115000.000,,,,24837000.000,,,,17170000.000
PaymentsToAcquireShortTermInvestments,8053000.000,,,,,,,,,,,,
PensionAndOtherPostretirementBenefitContributions,2000000.000,,,,0.000,,,,0.000,,,,0.000
ProceedsFromInsuranceSettlementOperatingActivities,,,,,,,,,,,,,4500000.000
ProceedsFromIssuanceOfCommonStock,,,,,,,,,1113000.000,,,,895000.000
ProceedsFromSaleOfShortTermInvestments,19000000.000,,,,286732000.000,,,,130339000.000,,,,66240000.000
ProceedsFromStockOptionsExercised,,,,,8299000.000,,,,7582000.000,,,,
RepaymentsOfLongTermDebt,625000.000,,,,64176000.000,,,,2000000.000,,,,2000000.000
RestructuringCharges,1757000.000,3362000.000,181000.000,2000000.000,1057000.000,985000.000,1563000.000,1162000.000,1577000.000,3553000.000,3765000.000,6755000.000,3875000.000
RestructuringCosts,-205000.000,2207000.000,95000.000,480000.000,10000.000,651000.000,4043000.000,-132000.000,3816000.000,6198000.000,2184000.000,2166000.000,3875000.000
Revenues,153933000.000,401890000.000,551008000.000,265485000.000,162669000.000,379883000.000,575507000.000,298000000.000,205816000.000,392042000.000,533021000.000,241806000.000,221917000.000
SalesRevenueNet,153933000.000,401890000.000,551008000.000,265485000.000,162669000.000,379883000.000,575507000.000,298000000.000,205816000.000,392042000.000,533021000.000,241806000.000,221917000.000
SellingGeneralAndAdministrativeExpense,137010000.000,152283000.000,167741000.000,155501000.000,143009000.000,170687000.000,191843000.000,175585000.000,168675000.000,184479000.000,185252000.000,161138000.000,156352000.000
ShareBasedCompensation,2397000.000,3547000.000,2861000.000,2571000.000,3095000.000,3717000.000,3116000.000,2524000.000,3003000.000,3670000.000,2081000.000,1813000.000,2544000.000
TreasuryStockAcquiredAverageCostPerShare,,,,,,23.550,23.800,,20.380,18.020,14.720,-34.170,
TreasuryStockValueAcquiredCostMethod,,,,,,,48170000.000,,30998000.000,20020000.000,3999000.000,0.000,
WeightedAverageNumberOfDilutedSharesOutstanding,,143025017.000,143583901.000,,142364327.000,139961856.000,139813309.000,-285379385.000,122897601.000,122143971.000,123017854.000,-245640952.000,122777615.000
WeightedAverageNumberOfShareOutstandingBasicAndDiluted,139982297.000,,,,,,,,,,,,
WeightedAverageNumberOfSharesOutstandingBasic,,140074707.000,140742786.000,,142364327.000,139961856.000,135169318.000,-280735394.000,122897601.000,122143971.000,122011716.000,-244634814.000,122777615.000
WriteOffOfDeferredDebtIssuanceCost,,,,,2000000.000,,,,,,,,
