,2015-03-31,2015-06-30,2015-09-30,2015-12-31,2016-03-31,2016-06-30,2016-09-30,2016-12-31,2017-03-31
AdjustmentToAdditionalPaidInCapitalIncomeTaxEffectFromShareBasedCompensationNet,,,,,-33000.000,,,,-260000.000
AdjustmentsToAdditionalPaidInCapitalIncreaseInCarryingAmountOfRedeemablePreferredStock,110653000.000,,,,,,,,
AdjustmentsToAdditionalPaidInCapitalSharebasedCompensationRequisiteServicePeriodRecognitionValue,297000.000,,,,1297000.000,,,,1484000.000
AllowanceForDoubtfulAccountsReceivablePeriodIncreaseDecrease,323000.000,,,,,,,,
AmortizationOfAboveAndBelowMarketLeases,,,,,-1875000.000,,,,-2036000.000
AmortizationOfBelowMarketLease,200000.000,200000.000,200000.000,400000.000,200000.000,,,,400000.000
AmortizationOfFinancingCosts,684000.000,,,,659000.000,,,,864000.000
AmortizationOfIntangibleAssets,400000.000,400000.000,400000.000,300000.000,400000.000,400000.000,800000.000,400000.000,900000.000
BusinessCombinationConsiderationTransferred1,,,,,,,,,128444000.000
CapitalExpendituresIncurredButNotYetPaid,3453000.000,,,,5727000.000,,,,12270000.000
CashAndCashEquivalentsPeriodIncreaseDecrease,196411000.000,,,,-6629000.000,,,,
CommonStockDividendsPerShareDeclared,0.200,,,,0.200,,,,0.220
CostOfOtherPropertyOperatingExpense,16523000.000,10985000.000,10494000.000,12593000.000,12859000.000,9840000.000,9897000.000,12684000.000,13368000.000
CostOfServicesEnvironmentalRemediation,,,,,,,,,100000.000
DebtRelatedCommitmentFeesAndDebtIssuanceCosts,684000.000,736000.000,659000.000,659000.000,659000.000,723000.000,723000.000,725000.000,864000.000
DepreciationAndAmortization,13732000.000,14233000.000,13603000.000,15685000.000,13915000.000,13558000.000,14435000.000,14237000.000,15828000.000
DepreciationDepletionAndAmortization,13732000.000,,,,14173000.000,,,,16160000.000
DistributionMadeToLimitedPartnerDistributionsDeclaredPerUnit,,,,,0.200,,0.200,,0.220
DividendsCommonStockCash,19852000.000,,,,19792000.000,,,,
EarningsPerShareBasic,-0.120,0.160,0.190,0.160,0.190,0.340,0.190,0.190,0.510
EarningsPerShareDiluted,-0.120,0.160,0.190,0.160,0.190,0.340,0.190,0.190,0.500
EnvironmentalRemediationExpense,1400000.000,1400000.000,1400000.000,-2800000.000,1400000.000,,,,1400000.000
GainsLossesOnExtinguishmentOfDebt,,,,,,,,,-1274000.000
GeneralAndAdministrativeExpense,12326000.000,6792000.000,6385000.000,6541000.000,6720000.000,7535000.000,6618000.000,6565000.000,8081000.000
ImpairmentOfRealEstate,,,,,,,,,3164000.000
IncomeLossFromContinuingOperationsBeforeIncomeTaxesExtraordinaryItemsNoncontrollingInterest,-11476000.000,17617000.000,20439000.000,16062000.000,20124000.000,35765000.000,20824000.000,20721000.000,55055000.000
IncomeTaxExpenseBenefit,541000.000,464000.000,394000.000,-105000.000,336000.000,-306000.000,319000.000,455000.000,320000.000
IncomeTaxesPaid,16000.000,,,,17000.000,,,,22000.000
IncreaseDecreaseInAccountsPayableAndAccruedLiabilities,3815000.000,,,,-2852000.000,,,,3786000.000
IncreaseDecreaseInAccountsReceivable,1384000.000,,,,-741000.000,,,,2748000.000
IncreaseDecreaseInDeferredLeasingFees,,,,,,,,,669000.000
IncreaseDecreaseInOtherOperatingLiabilities,2647000.000,,,,305000.000,,,,1426000.000
IncreaseDecreaseInPrepaidDeferredExpenseAndOtherAssets,,,,,-71000.000,,,,1336000.000
IncreaseDecreaseInPrepaidExpense,268000.000,,,,,,,,
IncreaseDecreaseInRestrictedCash,2968000.000,,,,-962000.000,,,,
IncrementalCommonSharesAttributableToCallOptionsAndWarrants,,,,,23000.000,,,,
IncrementalCommonSharesAttributableToParticipatingNonvestedSharesWithNonForfeitableDividendRights,,,,,,0.000,0.000,,
IncrementalCommonSharesAttributableToShareBasedPaymentArrangements,0.000,24000.000,34000.000,-32000.000,75000.000,,,,
InterestAndDebtExpense,15169000.000,13241000.000,13611000.000,13563000.000,13429000.000,12820000.000,12766000.000,12866000.000,13115000.000
InterestExpenseDebt,14485000.000,12505000.000,12952000.000,12904000.000,12770000.000,12097000.000,12043000.000,12141000.000,12251000.000
InterestPaid,13918000.000,,,,12870000.000,,,,13119000.000
InterestPaidCapitalized,,,,,518000.000,,,,940000.000
InvestmentIncomeInterest,11000.000,51000.000,39000.000,49000.000,167000.000,177000.000,176000.000,159000.000,127000.000
LeaseAndRentalExpense,2514000.000,2565000.000,2527000.000,2523000.000,2538000.000,2483000.000,2508000.000,2518000.000,2670000.000
ManagementFeesRevenue,,693000.000,551000.000,,455000.000,526000.000,375000.000,403000.000,479000.000
MinorityInterestChangeInRedemptionValue,110653000.000,,,,,,,,
MinorityInterestDecreaseFromDistributionsToNoncontrollingInterestHolders,,,,,1237000.000,,,,1770000.000
MinorityInterestDecreaseFromRedemptions,27651000.000,,,,,,,,
NetCashProvidedByUsedInFinancingActivities,172500000.000,,,,-25193000.000,,,,-6923000.000
NetCashProvidedByUsedInFinancingActivitiesContinuingOperations,172500000.000,,,,-25193000.000,,,,-6923000.000
NetCashProvidedByUsedInInvestingActivities,-6670000.000,,,,-13881000.000,,,,-47703000.000
NetCashProvidedByUsedInInvestingActivitiesContinuingOperations,-6670000.000,,,,-13881000.000,,,,-47703000.000
NetCashProvidedByUsedInOperatingActivities,30581000.000,,,,32445000.000,,,,37226000.000
NetCashProvidedByUsedInOperatingActivitiesContinuingOperations,30581000.000,,,,32445000.000,,,,37226000.000
NetIncomeLoss,-11463000.000,16162000.000,18860000.000,15226000.000,18638000.000,33868000.000,19265000.000,19044000.000,50586000.000
NetIncomeLossAttributableToNoncontrollingInterest,,,,,1150000.000,,,,4149000.000
NetIncomeLossAttributableToNonredeemableNoncontrollingInterest,6000.000,5000.000,6000.000,-1000.000,-4000.000,2000.000,1000.000,4000.000,11000.000
NetIncomeLossAvailableToCommonStockholdersBasic,,16127000.000,18863000.000,,18616000.000,33825000.000,19239000.000,19021000.000,50507000.000
NoncontrollingInterestInNetIncomeLossLimitedPartnershipsRedeemable,-560000.000,986000.000,1179000.000,,,,,,
NoncontrollingInterestInNetIncomeLossOperatingPartnershipsRedeemable,,,,,1154000.000,2201000.000,1239000.000,1218000.000,4138000.000
OperatingExpenses,80101000.000,47908000.000,45814000.000,51046000.000,49682000.000,46667000.000,46559000.000,50050000.000,56747000.000
OperatingIncomeLoss,3682000.000,30807000.000,34011000.000,29576000.000,33386000.000,32790000.000,33414000.000,33428000.000,69317000.000
OperatingLeasesIncomeStatementLeaseRevenue,57586000.000,57380000.000,58111000.000,58790000.000,58929000.000,58683000.000,59138000.000,60048000.000,62498000.000
OtherNoncashIncomeExpense,-274000.000,,,,,,,,
OtherSalesRevenueNet,1894000.000,191000.000,1975000.000,140000.000,1177000.000,369000.000,572000.000,380000.000,101000.000
PartnersCapitalAccountSaleOfUnits,,,,,,,,,48800000.000
PaymentsForRepurchaseOfRedeemableNoncontrollingInterest,1212000.000,,,,1237000.000,,,,1770000.000
PaymentsOfDebtIssuanceCosts,3198000.000,,,,0.000,,,,3567000.000
PaymentsOfDistributionsToAffiliates,-231462000.000,,,,,,,,
PaymentsOfDividendsCommonStock,19852000.000,,,,19792000.000,,,,21869000.000
PaymentsRelatedToTaxWithholdingForShareBasedCompensation,,,,,33000.000,,,,260000.000
PaymentsToAcquireAndDevelopRealEstate,,,,,,,,,36552000.000
PaymentsToAcquireCommercialRealEstate,3702000.000,,,,14843000.000,,,,11151000.000
PercentageRent,400000.000,100000.000,100000.000,600000.000,,,,,
ProceedsFromContributionsFromParent,,,,,0.000,,,,
ProceedsFromIssuanceOfCommonStock,54000.000,,,,0.000,,,,-29000.000
ProceedsFromIssuanceOfLongTermDebt,,,,,,,,,100000000.000
ProfessionalFees,18600000.000,,,,,,,,
ProfitLoss,-12017000.000,17153000.000,20045000.000,16167000.000,19788000.000,36071000.000,20505000.000,20266000.000,54735000.000
ProvisionForDoubtfulAccounts,323000.000,389000.000,427000.000,387000.000,351000.000,494000.000,149000.000,220000.000,193000.000
RealEstateTaxExpense,12824000.000,12517000.000,12227000.000,11743000.000,13249000.000,12723000.000,12729000.000,12728000.000,13392000.000
ReclassificationsOfTemporaryToPermanentEquity,,143700000.000,,,,,,,
RepaymentsOfLongTermDebt,34754000.000,,,,4131000.000,,,,79428000.000
Revenues,83783000.000,78715000.000,79825000.000,80622000.000,83068000.000,79457000.000,79973000.000,83478000.000,126064000.000
SalesOfRealEstate,,,,,,15618000.000,0.000,,
SalesRevenueNet,83783000.000,78715000.000,79825000.000,80622000.000,83068000.000,79457000.000,79973000.000,83478000.000,126064000.000
ShareBasedCompensation,7441000.000,,,,1297000.000,,,,1484000.000
ShareBasedCompensationArrangementByShareBasedPaymentAwardOptionsForfeituresAndExpirationsInPeriod,0.000,,,,,,,,
ShareBasedCompensationArrangementByShareBasedPaymentAwardOptionsForfeituresAndExpirationsInPeriodWeightedAverageExercisePrice,0.000,,,,,,,,
ShareBasedCompensationArrangementByShareBasedPaymentAwardOptionsGrantsInPeriodGrantDateIntrinsicValue,26.220,,,,,,,,
ShareBasedCompensationArrangementByShareBasedPaymentAwardOptionsGrantsInPeriodGross,2169040.000,,,,,,,,
ShareBasedCompensationArrangementsByShareBasedPaymentAwardOptionsExercisesInPeriodWeightedAverageExercisePrice,0.000,,,,,,,,
ShareBasedCompensationArrangementsByShareBasedPaymentAwardOptionsGrantsInPeriodWeightedAverageExercisePrice,23.920,,,,,,,,
ShareBasedCompensationSharesAuthorizedUnderStockOptionPlansExercisePriceRangeLowerRangeLimit,,23.520,22.830,,,,,,
ShareBasedCompensationSharesAuthorizedUnderStockOptionPlansExercisePriceRangeUpperRangeLimit,,24.460,24.460,,,,,,
SharesPaidForTaxWithholdingForShareBasedCompensation,,,,,-1408.000,,,,
StockGrantedDuringPeriodValueSharebasedCompensationGross,0.000,,,,0.000,,,,
StockIssued1,,,,,,,,,48800000.000
StockIssuedDuringPeriodSharesStockOptionsExercised,0.000,,,,,,,,
StockIssuedDuringPeriodValueDividendReinvestmentPlan,54000.000,,,,0.000,,,,
StockIssuedDuringPeriodValueNewIssues,0.000,,,,,,,,-29000.000
StockholdersEquityNoteSpinoffTransaction,248799000.000,,,,,,,,
StraightLineRent,83000.000,,,,213000.000,,,,-144000.000
SubsidiaryOfLimitedLiabilityCompanyOrLimitedPartnershipOwnershipInterest,0.056,0.058,,,0.058,,0.060,,0.076
TenantReimbursements,24303000.000,20451000.000,19188000.000,20675000.000,22507000.000,19879000.000,19888000.000,22647000.000,23771000.000
TransferMortgagePayable,,,,,,,,,36492000.000
UndistributedEarningsLossAllocatedToParticipatingSecuritiesBasic,,,,,22000.000,43000.000,26000.000,23000.000,79000.000
WeightedAverageNumberOfDilutedSharesOutstanding,99248000.000,99274000.000,99286000.000,-198530000.000,99363000.000,99668000.000,99870000.000,-199107000.000,100093000.000
WeightedAverageNumberOfShareOutstandingBasicAndDiluted,99248000.000,,,,,,,,
WeightedAverageNumberOfSharesOutstandingBasic,99248000.000,99250000.000,99252000.000,-198498000.000,99265000.000,99274000.000,99304000.000,-198479000.000,99639000.000
