,2015-03-31,2015-06-30,2015-09-30,2015-12-31,2016-03-31,2016-06-30,2016-09-30,2016-12-31,2017-03-31
AdvertisingRevenue,18346000.000,25788000.000,23522000.000,21117000.000,17021000.000,16835000.000,17696000.000,16977000.000,15449000.000
AllocatedShareBasedCompensationExpense,23007000.000,33464000.000,29074000.000,34528000.000,25551000.000,28316000.000,27285000.000,25766000.000,26395000.000
AmortizationOfDebtDiscountPremium,849000.000,,,,430000.000,,,,223000.000
AmortizationOfFinancingCostsAndDiscounts,,,,,,,,,4353000.000
AmortizationOfIntangibleAssets,11782000.000,17117000.000,16405000.000,17885000.000,20059000.000,20845000.000,21917000.000,22130000.000,23261000.000
BusinessAcquisitionsProFormaNetIncomeLoss,-17854000.000,-26731000.000,-21393000.000,-25077000.000,-47605000.000,-156149000.000,6807000.000,-23491000.000,
BusinessAcquisitionsProFormaRevenue,162531000.000,,,,185982000.000,208403000.000,224592000.000,227612000.000,
BusinessCombinationAcquisitionRelatedCosts,12477000.000,1679000.000,1988000.000,432000.000,593000.000,204000.000,93000.000,533000.000,105000.000
CapitalizedComputerSoftwareAdditions,10000000.000,11800000.000,13600000.000,10700000.000,11500000.000,13600000.000,13000000.000,11400000.000,12500000.000
CashAcquiredFromAcquisition,173406000.000,,,,,,,,
CashAndCashEquivalentsPeriodIncreaseDecrease,182087000.000,,,,3305000.000,,,,17932000.000
ComprehensiveIncomeNetOfTax,-58245000.000,-38743000.000,-25896000.000,-26461000.000,-46965000.000,-155941000.000,6628000.000,-23931000.000,-4631000.000
CostOfRevenue,13019000.000,17037000.000,16453000.000,15105000.000,16452000.000,17220000.000,18254000.000,19665000.000,20232000.000
CostsAndExpenses,185196000.000,208860000.000,204443000.000,195709000.000,234059000.000,363733000.000,216751000.000,224900000.000,244611000.000
DefinedContributionPlanCostRecognized,800000.000,1300000.000,1000000.000,1100000.000,,,,,
DefinedContributionPlanEmployerMatchingContributionPercentOfMatch,0.015,,,,,,,,
DepreciationDepletionAndAmortization,14028000.000,,,,23807000.000,,,,27135000.000
EarningsPerShareBasicAndDiluted,-1.190,-0.660,-0.150,1.120,-0.270,-0.870,0.040,-0.120,-0.030
EmployeeServiceShareBasedCompensationAllocationOfRecognizedPeriodCostsCapitalizedAmount,2424000.000,,,,2250000.000,,,,2868000.000
FairValueAssumptionsExpectedVolatilityRate,0.350,,,,,,,,
FairValueAssumptionsRiskFreeInterestRate,0.018,,,,,,,,
GainLossOnDispositionOfAssets,-87000.000,,,,-1436000.000,,,,-999000.000
GeneralAndAdministrativeExpense,38024000.000,43810000.000,42672000.000,45939000.000,53837000.000,179632000.000,37690000.000,42536000.000,45466000.000
GoodwillAcquiredDuringPeriod,1737075000.000,,,,,,,,
ImpairmentOfInvestments,0.000,,,,,,,,
IncomeLossFromContinuingOperationsBeforeIncomeTaxesExtraordinaryItemsNoncontrollingInterest,,,-28902000.000,,-48969000.000,-156149000.000,6807000.000,-21997000.000,-4606000.000
IncomeTaxExpenseBenefit,,,-2853000.000,,-1364000.000,,,,
IncreaseDecreaseInAccountsPayable,-763000.000,,,,1594000.000,,,,53000.000
IncreaseDecreaseInAccountsReceivable,296000.000,,,,2770000.000,,,,2059000.000
IncreaseDecreaseInAccruedLiabilities,-7652000.000,,,,2793000.000,,,,4683000.000
IncreaseDecreaseInDeferredRevenue,112000.000,,,,3294000.000,,,,1598000.000
IncreaseDecreaseInEmployeeRelatedLiabilities,1727000.000,,,,8759000.000,,,,2539000.000
IncreaseDecreaseInOtherNoncurrentLiabilities,375000.000,,,,-2749000.000,,,,
IncreaseDecreaseInPrepaidDeferredExpenseAndOtherAssets,-5477000.000,,,,-2708000.000,,,,-4737000.000
IncreaseDecreaseInRestrictedCash,-147000.000,,,,-1962000.000,,,,
IncrementalCommonSharesAttributableToNonvestedSharesWithForfeitableDividends,,,,,,,1150000.000,,
IncrementalCommonSharesAttributableToShareBasedPaymentArrangements,,,,,,,7928000.000,,
InterestExpense,730000.000,1580000.000,1590000.000,1589000.000,,,,,
InterestExpenseDebt,,,,,1573000.000,1572000.000,1595000.000,2668000.000,6723000.000
LeaseAndRentalExpense,3400000.000,4000000.000,3800000.000,3700000.000,,,,,
NetCashProvidedByUsedInFinancingActivities,8821000.000,,,,1565000.000,,,,10769000.000
NetCashProvidedByUsedInFinancingActivitiesContinuingOperations,8821000.000,,,,1565000.000,,,,10769000.000
NetCashProvidedByUsedInInvestingActivities,171811000.000,,,,-17178000.000,,,,-59795000.000
NetCashProvidedByUsedInInvestingActivitiesContinuingOperations,171811000.000,,,,-17178000.000,,,,-59795000.000
NetCashProvidedByUsedInOperatingActivities,1455000.000,,,,18918000.000,,,,66958000.000
NetCashProvidedByUsedInOperatingActivitiesContinuingOperations,1455000.000,,,,18918000.000,,,,66958000.000
NetIncomeLoss,-58384000.000,-38721000.000,-26049000.000,-25720000.000,-47605000.000,-156149000.000,6807000.000,-23491000.000,-4606000.000
OperatingIncomeLoss,-57923000.000,-37591000.000,-27678000.000,-26339000.000,-48077000.000,-155330000.000,7841000.000,2712000.000,1164000.000
OperatingLeasesRentExpenseNet,,,,,3900000.000,3800000.000,4300000.000,,5000000.000
OtherComprehensiveIncomeLossAvailableForSaleSecuritiesAdjustmentNetOfTax,139000.000,-22000.000,153000.000,-741000.000,640000.000,208000.000,-179000.000,-440000.000,-25000.000
OtherComprehensiveIncomeLossNetOfTax,,-22000.000,153000.000,,640000.000,208000.000,-179000.000,-440000.000,-25000.000
OtherComprehensiveIncomeLossReclassificationAdjustmentFromAOCIForSaleOfSecuritiesNetOfTax,10000.000,3000.000,1000.000,9000.000,1000.000,-6000.000,,,
OtherComprehensiveIncomeUnrealizedHoldingGainLossOnSecuritiesArisingDuringPeriodNetOfTax,149000.000,-19000.000,154000.000,-732000.000,641000.000,202000.000,-179000.000,-454000.000,-25000.000
OtherDepreciationAndAmortization,2200000.000,3300000.000,3200000.000,3500000.000,3700000.000,4700000.000,3600000.000,3600000.000,3900000.000
OtherNonoperatingIncome,269000.000,450000.000,366000.000,416000.000,681000.000,753000.000,561000.000,716000.000,953000.000
PaymentsForProceedsFromInvestments,-4979000.000,,,,,,,,
PaymentsForRestructuring,3374000.000,,,,,,,,
PaymentsRelatedToTaxWithholdingForShareBasedCompensation,303000.000,,,,117000.000,,,,237000.000
PaymentsToAcquireAvailableForSaleSecuritiesDebt,,,,,38760000.000,,,,84008000.000
PaymentsToAcquireBusinessesNetOfCashAcquired,,,,,12357000.000,,,,6002000.000
PaymentsToAcquireIntangibleAssets,284000.000,,,,1714000.000,,,,5308000.000
PaymentsToAcquirePropertyPlantAndEquipment,10321000.000,,,,15212000.000,,,,14163000.000
PaymentsToAcquireShortTermInvestments,59896000.000,,,,,,,,
ProceedsFromDivestitureOfBusinesses,,,,,,,,,579000.000
ProceedsFromMaturitiesPrepaymentsAndCallsOfAvailableForSaleSecurities,,,,,44108000.000,,,,49107000.000
ProceedsFromMaturitiesPrepaymentsAndCallsOfHeldToMaturitySecurities,63780000.000,,,,,,,,
ProceedsFromSaleOfAvailableForSaleSecuritiesDebt,,,,,4795000.000,,,,
ProceedsFromStockOptionsExercised,9124000.000,,,,1682000.000,,,,11006000.000
ProductionRelatedImpairmentsOrCharges,11759000.000,,,,6834000.000,,,,3446000.000
ProfessionalFees,9100000.000,,,,,,,,
ProvisionForDoubtfulAccounts,805000.000,,,,313000.000,,,,718000.000
ResearchAndDevelopmentExpense,37325000.000,51740000.000,53718000.000,55782000.000,64417000.000,67421000.000,69171000.000,72057000.000,72868000.000
RestructuringAndRelatedCostIncurredCost,25100000.000,,,,,,,,
RestructuringCharges,25065000.000,6652000.000,3425000.000,409000.000,,,,,
RestructuringCosts,21702000.000,,,,,,,,
RestructuringReserveAccrualAdjustment,70000.000,,,,,,,,
Revenues,127273000.000,171269000.000,176765000.000,169370000.000,185982000.000,208403000.000,224592000.000,227612000.000,245775000.000
SalesRevenueNet,127273000.000,171269000.000,176765000.000,169370000.000,185982000.000,208403000.000,224592000.000,227612000.000,245775000.000
SalesRevenueServicesNet,108927000.000,145481000.000,153243000.000,148253000.000,168961000.000,191568000.000,206896000.000,210635000.000,230326000.000
SellingAndMarketingExpense,59286000.000,87942000.000,82044000.000,77817000.000,98760000.000,99256000.000,92794000.000,90109000.000,105940000.000
ShareBasedCompensation,,,,,25551000.000,,,,26395000.000
ShareBasedCompensationArrangementByShareBasedPaymentAwardFairValueAssumptionsExpectedDividendRate,0.000,0.000,0.000,0.000,0.000,0.000,0.000,,
ShareBasedCompensationArrangementByShareBasedPaymentAwardFairValueAssumptionsExpectedVolatilityRate,0.560,,,,0.510,0.510,0.500,,
ShareBasedCompensationArrangementByShareBasedPaymentAwardFairValueAssumptionsExpectedVolatilityRateMinimum,,0.550,0.550,,,,,,
ShareBasedCompensationArrangementByShareBasedPaymentAwardFairValueAssumptionsRiskFreeInterestRate,0.012,,,,0.011,,,,
ShareBasedCompensationArrangementByShareBasedPaymentAwardFairValueAssumptionsRiskFreeInterestRateMaximum,,0.015,0.012,,,0.012,0.011,,
ShareBasedCompensationArrangementByShareBasedPaymentAwardFairValueAssumptionsRiskFreeInterestRateMinimum,,0.013,0.010,,,0.009,0.009,,
ShareBasedCompensationArrangementByShareBasedPaymentAwardOptionsForfeituresInPeriod,,,,,,,,,264111.000
ShareBasedCompensationArrangementByShareBasedPaymentAwardOptionsGrantsInPeriod,,,,,,,,,3922269.000
ShareBasedCompensationArrangementByShareBasedPaymentAwardOptionsGrantsInPeriodWeightedAverageGrantDateFairValue,47.570,42.460,11.110,-87.370,8.710,11.110,14.290,,
ShareBasedCompensationArrangementsByShareBasedPaymentAwardOptionsExercisesInPeriodWeightedAverageExercisePrice,,,,,,,,,10.600
ShareBasedCompensationArrangementsByShareBasedPaymentAwardOptionsForfeituresInPeriodWeightedAverageExercisePrice,,,,,,,,,33.040
ShareBasedCompensationArrangementsByShareBasedPaymentAwardOptionsGrantsInPeriodWeightedAverageExercisePrice,,,,,,,,,35.220
StockIssuedDuringPeriodSharesStockOptionsExercised,,,,,,,,,1038560.000
ValuationAllowanceDeferredTaxAssetChangeInAmount,,,,,-1364000.000,,,,
WeightedAverageNumberOfDilutedSharesOutstanding,,,,,,,189661000.000,,
WeightedAverageNumberOfShareOutstandingBasicAndDiluted,49130000.000,58714000.000,177098000.000,-115175000.000,178686000.000,179451000.000,,,183158000.000
WeightedAverageNumberOfSharesOutstandingBasic,,,,,,,180583000.000,,
