,2011-03-31,2011-06-30,2011-09-30,2011-12-31,2012-03-31,2012-06-30,2012-09-30,2012-12-31,2013-03-31,2013-06-30,2013-09-30,2013-12-31,2014-03-31,2014-06-30,2014-09-30,2014-12-31,2015-03-31,2015-06-30,2015-09-30,2015-12-31,2016-03-31,2016-06-30,2016-09-30,2016-12-31,2017-03-31,2017-06-30
AdjustmentForAmortization,,,,,,,,,,,,,,,,,,,,,,,24800000.000,,39400000.000,39500000.000
AdjustmentsToAdditionalPaidInCapitalSharebasedCompensationAndExerciseOfStockOptions,,,-4117000.000,,-13013000.000,-7756000.000,-4758000.000,,-13628000.000,-5961000.000,-3850000.000,,-15122000.000,-8770000.000,-5931000.000,,-4900000.000,-6400000.000,-2400000.000,,-5300000.000,-4500000.000,-271600000.000,,32800000.000,-8100000.000
AllocatedShareBasedCompensationExpense,,3181000.000,3889000.000,,3797000.000,1907000.000,4154000.000,3982000.000,7186000.000,3284000.000,3100000.000,1362000.000,5080000.000,5299000.000,5599000.000,5567000.000,4300000.000,4800000.000,1800000.000,1500000.000,,,,,,
AntidilutiveSecuritiesExcludedFromComputationOfEarningsPerShareAmount,,2092000.000,2280000.000,,1596000.000,1980000.000,2174000.000,-3549000.000,2784000.000,2538000.000,2846000.000,-5571000.000,1657000.000,1022000.000,917000.000,-2543000.000,2200000.000,1200000.000,1500000.000,-3400000.000,1900000.000,2300000.000,2100000.000,-4200000.000,1900000.000,2900000.000
AssetImpairmentCharges,,2962000.000,,,,,,,,,70000000.000,,,0.000,0.000,,19400000.000,-500000.000,0.000,0.000,0.000,0.000,0.000,9800000.000,3100000.000,0.000
AvailableForSaleSecuritiesGrossRealizedGainLossNet,,-1304000.000,-872000.000,,328000.000,1180000.000,-1728000.000,-4303000.000,-86000.000,-106000.000,-1533000.000,-2262000.000,-50000.000,-682000.000,194000.000,1076000.000,,,,,,0.000,0.000,,0.000,0.000
AvailableforsaleSecuritiesGrossUnrealizedGainLoss1,,,,,,,,,,,,,1064000.000,,,,,,,,,,,,,
BusinessCombinationAcquisitionRelatedCosts,,,,,,,,,,,,,,,,,,,2600000.000,,11000000.000,14500000.000,75100000.000,,,
BusinessCombinationIntegrationRelatedCosts,,,,,,,,,,,,,,,,,,,,,,,,,12900000.000,
CapitalizedComputerSoftwareAmortization,,4832000.000,4663000.000,,4370000.000,4231000.000,3985000.000,6247000.000,4849000.000,6402000.000,5369000.000,4269000.000,4589000.000,4335000.000,4543000.000,4859000.000,3500000.000,4100000.000,3700000.000,3200000.000,,,,,,
CapitalizedComputerSoftwareAmortization1,,,,,,,,,,,,,,,,,,,,,3200000.000,2600000.000,6700000.000,11900000.000,9600000.000,9700000.000
CapitalizedComputerSoftwareImpairments,,,,,,,,,,,,,,,,,9100000.000,9100000.000,9100000.000,,,,,,,
CashAndCashEquivalentsPeriodIncreaseDecrease,-49096000.000,,,,-22483000.000,,,,-28649000.000,,,,-13511000.000,,,,-94900000.000,,,,-7500000.000,,,,-162600000.000,
CashProvidedByUsedInFinancingActivitiesDiscontinuedOperations,,,,,,,,,,,,,,,,,,,,,0.000,,,,,
CashProvidedByUsedInInvestingActivitiesDiscontinuedOperations,,,,,,,,,,,,,,,,,,,,,365100000.000,,,,0.000,
CashProvidedByUsedInOperatingActivitiesDiscontinuedOperations,,,,,,,,,,,,,,,,,,,,,-5300000.000,,,,0.000,
CommonStockDividendsPerShareCashPaid,,,,,,,,,,,,,,,,,0.290,0.287,0.287,0.286,0.287,0.287,0.287,0.099,0.100,0.100
ComprehensiveIncomeNetOfTax,,55950000.000,-59395000.000,,74341000.000,-33088000.000,24390000.000,-37885000.000,-1174000.000,-151603000.000,52732000.000,-44842000.000,17752000.000,50668000.000,-16473000.000,-73734000.000,-65900000.000,28600000.000,-47700000.000,29000000.000,198100000.000,-2400000.000,-107000000.000,-144900000.000,-13900000.000,53500000.000
ComprehensiveIncomeNetOfTaxAttributableToNoncontrollingInterest,,1659000.000,1310000.000,,794000.000,1068000.000,944000.000,3360000.000,-348000.000,1429000.000,1507000.000,3028000.000,-5507000.000,1519000.000,2136000.000,3244000.000,-2600000.000,1800000.000,500000.000,3500000.000,400000.000,200000.000,500000.000,8100000.000,6600000.000,8700000.000
ComprehensiveIncomeNetOfTaxIncludingPortionAttributableToNoncontrollingInterest,,,,,75135000.000,-32020000.000,25334000.000,-34525000.000,-1522000.000,-150174000.000,54239000.000,-41814000.000,12245000.000,52187000.000,-14337000.000,-70490000.000,-68500000.000,30400000.000,-47200000.000,32500000.000,198500000.000,-2200000.000,-106500000.000,-136800000.000,-7300000.000,62200000.000
CostOfGoodsAndServicesSold,464753000.000,492892000.000,514936000.000,627338000.000,505251000.000,557619000.000,536709000.000,655961000.000,503497000.000,549697000.000,532619000.000,631322000.000,524160000.000,546662000.000,567448000.000,633433000.000,480200000.000,545900000.000,513600000.000,227600000.000,370800000.000,424900000.000,785700000.000,1013200000.000,860300000.000,896100000.000
CostOfGoodsSold,188863000.000,204769000.000,237378000.000,330696000.000,219855000.000,263527000.000,234922000.000,321563000.000,206586000.000,232562000.000,242498000.000,312814000.000,248935000.000,263057000.000,277082000.000,335266000.000,207300000.000,265100000.000,231100000.000,131000000.000,142300000.000,189500000.000,397000000.000,492700000.000,354800000.000,359700000.000
CostOfServices,275890000.000,288123000.000,277558000.000,296642000.000,285396000.000,294092000.000,301787000.000,334398000.000,296911000.000,317135000.000,290121000.000,318508000.000,275225000.000,283605000.000,290366000.000,298167000.000,272900000.000,280800000.000,282500000.000,96600000.000,228500000.000,235400000.000,388700000.000,520500000.000,505500000.000,536400000.000
DefinedBenefitPlanContributionsByEmployer,,,,,12864000.000,,,,761000.000,,,,1924000.000,,5000000.000,,11000000.000,,,,1100000.000,,,,6900000.000,
Depreciation,,,12875000.000,,13282000.000,12913000.000,12263000.000,12989000.000,,,,,,,,,,,,,,,,,,
DepreciationAndAmortization,19246000.000,,,,,,,,,,,,,,,,,,,,,,,,,
DepreciationDepletionAndAmortization,,,,,19711000.000,,,,19831000.000,22363000.000,21891000.000,18509000.000,17680000.000,19039000.000,18686000.000,18667000.000,16400000.000,16800000.000,16000000.000,14800000.000,15000000.000,15900000.000,43400000.000,60500000.000,58600000.000,
DerivativeInstrumentsGainLossRecognizedInOtherComprehensiveIncomeEffectivePortionNet,,,,,,,,,,,,,,,,,,,,,,,-2300000.000,,-6100000.000,-19700000.000
DerivativeInstrumentsNotDesignatedAsHedgingInstrumentsGainLossNet,,2450000.000,10219000.000,,-3825000.000,,,,,,,,,,,,,,,,31700000.000,-21600000.000,-4200000.000,2600000.000,400000.000,3300000.000
DiscontinuedOperationIncomeLossFromDiscontinuedOperationDuringPhaseOutPeriodNetOfTax,-11000.000,529000.000,,,0.000,0.000,0.000,-3125000.000,,,,,,,,,,,,,147800000.000,500000.000,-4600000.000,0.000,0.000,0.000
DisposalGroupNotDiscontinuedOperationGainLossOnDisposal,,,,,,,,,,,,,,,,,,13700000.000,,,,,,,,
DividendsCommonStockCash,,18440000.000,18056000.000,,,,,,,,,,,,,,,,,,,,,,,
EarningsPerShareBasic,0.040,0.320,0.660,1.230,0.720,0.420,0.280,-0.180,-0.210,-1.650,-0.340,-0.650,0.150,0.640,0.510,0.470,-0.040,0.340,0.330,0.500,2.580,-0.320,-1.440,-1.300,-0.780,-0.410
EarningsPerShareDiluted,0.040,0.320,0.650,1.230,0.710,0.410,0.270,-0.160,-0.210,-1.650,-0.340,-0.650,0.150,0.640,0.510,0.460,-0.040,0.340,0.330,0.490,2.560,-0.320,-1.440,-1.280,-0.780,-0.410
EffectOfExchangeRateOnCashAndCashEquivalents,2900000.000,,,,4781000.000,,,,-3769000.000,,,,-11243000.000,,,,-14800000.000,,,,3400000.000,,,,5200000.000,
EffectiveIncomeTaxRateContinuingOperations,,0.233,0.208,,0.227,0.338,0.302,,0.184,-3.076,0.282,,0.583,0.295,0.270,,0.200,0.190,-0.347,,-0.040,0.417,0.162,-0.823,0.302,0.606
EquityMethodInvestmentDividendsOrDistributions,,,,,,,1233000.000,,,,,,,,,,,,,,,,,,,
ExcessTaxBenefitFromShareBasedCompensationFinancingActivities,,,,,,,,,166000.000,,,,158000.000,,,,100000.000,,,,0.000,,,,100000.000,
ExcessTaxBenefitFromShareBasedCompensationOperatingActivities,1484000.000,,,,1269000.000,,,,166000.000,,,,158000.000,,,,100000.000,,,,0.000,,,,100000.000,
FinancingReceivableAllowanceForCreditLossesProvisions,,,,,0.000,,,,,,,,,,,,,,,,,,,,,
FinancingReceivableAllowanceForCreditLossesRecoveries,,,,,-15000.000,,,,,,,,,,,,,,,,,,,,,
FinancingReceivableAllowanceForCreditLossesRecovery,,,,,,,,,-3000.000,,,,,,,,,,,,,,,,,
FinancingReceivableAllowanceForCreditLossesWriteOffs,,,,,0.000,,,,501000.000,,,,,,,,,,,,,,,,,
FiniteLivedIntangibleAssetsAcquired,,,,,,,15744000.000,,,,,,,,,,,,,,,,,,,
FinitelivedIntangibleAssetsAcquired1,,,,,,,,,,,,,,,,,32700000.000,,,,,,,,,
ForeignCurrencyTransactionGainLossBeforeTax,-1046000.000,1492000.000,-349000.000,2998000.000,545000.000,1102000.000,930000.000,77000.000,-2214000.000,-2216000.000,2977000.000,1625000.000,-11957000.000,596000.000,988000.000,-1418000.000,-9300000.000,-1200000.000,1300000.000,-800000.000,-2400000.000,-1200000.000,2000000.000,-500000.000,-3100000.000,-4600000.000
GainLossOnDispositionOfAssets,,,,,,,,,2613000.000,226000.000,582000.000,,-492000.000,,,,,,,,,,,,,
GainLossOnDispositionOfAssets1,,,,,,,,,,,,,,13050000.000,540000.000,,-100000.000,1600000.000,-100000.000,,-400000.000,100000.000,500000.000,-500000.000,400000.000,7700000.000
GainLossOnSaleOfPropertyPlantEquipment,,,,,,,,,-2613000.000,,,,492000.000,,,,-100000.000,,,,-400000.000,,,,400000.000,
GoodwillAcquiredDuringPeriod,,,,,,,,,,,,,,,,,42300000.000,,,,,,,,,
GoodwillForeignCurrencyTranslationGainLoss,,,,,,,,,,,,,,,,,,,,,5300000.000,,,,13400000.000,
GoodwillImpairmentLoss,,,,,,,,,,,70000000.000,,,,,,,,,,,,,,,
GoodwillPurchaseAccountingAdjustments,,,,,,,,,,,,,,,,,,,,,200000.000,,,,,
GrossProfit,149404000.000,169490000.000,194386000.000,222649000.000,193240000.000,185569000.000,173210000.000,184134000.000,130014000.000,157416000.000,172805000.000,180121000.000,164133000.000,186795000.000,200583000.000,227839000.000,175300000.000,187500000.000,167300000.000,121900000.000,138800000.000,155100000.000,197600000.000,230200000.000,242500000.000,237800000.000
ImpairmentOfIntangibleAssetsExcludingGoodwill,,,,,,,,,,,,,0.000,,,,,,,,,,,,,
ImpairmentOfIntangibleAssetsFinitelived,,2962000.000,,,,,,,,,,,,,,,,,,,,,,,,
ImpairmentOfLongLivedAssetsHeldForUse,,,,,,6701000.000,7930000.000,,,642000.000,,,,,,,,,,,,,,,,
IncomeLossFromContinuingOperations,2512000.000,20275000.000,41755000.000,79750000.000,45163000.000,26502000.000,17434000.000,-7520000.000,,,,,,,,,,,,,20400000.000,-21600000.000,-97700000.000,-77800000.000,-58800000.000,-30600000.000
IncomeLossFromContinuingOperationsBeforeIncomeTaxesExtraordinaryItemsNoncontrollingInterest,,,,,59446000.000,42004000.000,25878000.000,-9902000.000,-17020000.000,-25481000.000,-28144000.000,-49162000.000,11680000.000,61201000.000,47862000.000,49846000.000,-7000000.000,29500000.000,17000000.000,6300000.000,19900000.000,-35700000.000,-116000000.000,-106500000.000,-74800000.000,-59900000.000
IncomeLossFromContinuingOperationsBeforeIncomeTaxesMinorityInterestAndIncomeLossFromEquityMethodInvestments,10071000.000,28182000.000,54044000.000,72095000.000,,,,,,,,,,,,,,,,,,,,,,
IncomeLossFromContinuingOperationsIncludingPortionAttributableToNoncontrollingInterest,4146000.000,21602000.000,42782000.000,83047000.000,45965000.000,27792000.000,18064000.000,-4300000.000,,,,,,,,,,,,,20700000.000,-20800000.000,-97200000.000,-73400000.000,-52200000.000,-23600000.000
IncomeLossFromContinuingOperationsPerBasicShare,0.040,0.310,0.660,1.230,0.720,0.420,0.280,-0.130,,,,,,,,,,,,,0.310,-0.330,-1.380,-1.160,-0.780,-0.410
IncomeLossFromContinuingOperationsPerDilutedShare,0.040,0.310,0.650,1.230,0.710,0.410,0.270,-0.110,,,,,,,,,,,,,0.310,-0.330,-1.380,-1.160,-0.780,-0.410
IncomeLossFromDiscontinuedOperationsNetOfTaxAttributableToReportingEntity,-11000.000,529000.000,,,0.000,0.000,0.000,-3125000.000,,,,,,,,,,,,,147800000.000,500000.000,-4600000.000,0.000,0.000,0.000
IncomeLossFromDiscontinuedOperationsNetOfTaxPerBasicShare,,0.010,,,0.000,0.000,0.000,-0.050,,,,,,,,,,,,,2.270,0.010,-0.060,-0.140,0.000,0.000
IncomeLossFromDiscontinuedOperationsNetOfTaxPerDilutedShare,,0.010,,,0.000,0.000,0.000,-0.050,,,,,,,,,,,,,2.250,0.010,-0.060,-0.120,0.000,0.000
IncomeLossFromEquityMethodInvestments,425000.000,434000.000,589000.000,365000.000,247000.000,345000.000,110000.000,0.000,0.000,,,,,,,,,,,,,,0.000,,0.000,0.000
IncomeLossFromEquityMethodInvestmentsNetOfDividendsOrDistributions,,,,,,,,,,,,,,,,,,,,,,,,,-800000.000,
IncomeTaxExpenseBenefit,5925000.000,6580000.000,11262000.000,-10952000.000,13481000.000,14212000.000,7814000.000,-5602000.000,-3138000.000,78371000.000,-7940000.000,-10578000.000,6804000.000,18070000.000,12907000.000,15789000.000,-1400000.000,5600000.000,-5900000.000,-12000000.000,-800000.000,-14900000.000,-18800000.000,-33100000.000,-22600000.000,-36300000.000
IncreaseDecreaseInAccountsPayable,-29404000.000,,,,7063000.000,,,,-11739000.000,,,,69213000.000,,,,16500000.000,,,,-37300000.000,,,,-22400000.000,
IncreaseDecreaseInAccruedSalaries,,,,,,,,,,,,,,,,,-40600000.000,,,,,,,,,
IncreaseDecreaseInDeferredIncomeTaxes,,,,,,,,,,,,,-17930000.000,,,,-3600000.000,,,,,,,,8700000.000,
IncreaseDecreaseInDeferredRevenue,25078000.000,,,,42378000.000,,,,35419000.000,,,,64810000.000,,,,46600000.000,,,,3800000.000,,,,82000000.000,
IncreaseDecreaseInDerivativeAssets,,,,,,,,,,,,,,,,,,,,,-36500000.000,-23600000.000,,,,
IncreaseDecreaseInDerivativeAssetsAndLiabilities,,,,,,,,,,,,,,,,,,,,,36500000.000,,-3600000.000,,0.000,-23600000.000
IncreaseDecreaseInFinanceReceivables,,,,,,,,,,,,,-82471000.000,,,,-18600000.000,,,,,,,,,
IncreaseDecreaseInIncomeTaxesReceivable,,,,,,,,,-10826000.000,,,,659000.000,,,,7500000.000,,,,13300000.000,,,,37200000.000,
IncreaseDecreaseInInventories,21955000.000,,,,45268000.000,,,,18785000.000,,,,42482000.000,,,,43200000.000,,,,31900000.000,,,,16900000.000,
IncreaseDecreaseInOtherCurrentAssets,,,,,24992000.000,,,,30450000.000,,,,24221000.000,,,,10100000.000,,,,9700000.000,,,,28600000.000,
IncreaseDecreaseInOtherOperatingAssets,15419000.000,,,,,,,,,,,,,,,,,,,,,,,,,
IncreaseDecreaseInOtherOperatingCapitalNet,65444000.000,,,,43579000.000,,,,12867000.000,,,,2335000.000,,,,29700000.000,,,,-9800000.000,,,,11800000.000,
IncreaseDecreaseInPrepaidExpense,-158000.000,,,,3045000.000,,,,-730000.000,,,,3204000.000,,,,2400000.000,,,,-100000.000,,,,2600000.000,
IncreaseDecreaseInReceivables,8072000.000,,,,26535000.000,,,,-4848000.000,,,,33666000.000,,,,56000000.000,,,,36600000.000,,,,36800000.000,
InterestExpense,8673000.000,9515000.000,8110000.000,8158000.000,7608000.000,7461000.000,7615000.000,7646000.000,7343000.000,6766000.000,7918000.000,7207000.000,6918000.000,7840000.000,8384000.000,8278000.000,8000000.000,7600000.000,8500000.000,8400000.000,11500000.000,24300000.000,32400000.000,33200000.000,30800000.000,32200000.000
InvestmentIncomeNonoperating,10898000.000,9669000.000,8538000.000,12558000.000,11955000.000,8039000.000,9298000.000,8301000.000,7551000.000,6814000.000,6695000.000,6543000.000,8711000.000,9935000.000,7968000.000,7887000.000,7900000.000,6800000.000,5900000.000,5400000.000,4900000.000,6300000.000,5300000.000,5000000.000,6400000.000,5100000.000
MinorityInterestChangeInRedemptionValue,,,,,,,,,,,,,,,,,,,,,,,,,39400000.000,
MinorityInterestDecreaseFromDistributionsToNoncontrollingInterestHolders,,-735000.000,4823000.000,,1112000.000,0.000,-980000.000,-2224000.000,-3464000.000,0.000,-13448000.000,-1000.000,-1508000.000,-650000.000,0.000,4316000.000,0.000,0.000,200000.000,3200000.000,,,0.000,,12800000.000,0.000
NetCashProvidedByUsedInFinancingActivities,35958000.000,,,,18540000.000,,,,6521000.000,,,,1193000.000,,,,52200000.000,,,,-247000000.000,,,,-72400000.000,
NetCashProvidedByUsedInFinancingActivitiesContinuingOperations,35958000.000,,,,18540000.000,,,,6521000.000,,,,1193000.000,,,,52200000.000,,,,-247000000.000,,,,-72400000.000,
NetCashProvidedByUsedInInvestingActivities,2197000.000,,,,-19783000.000,,,,329000.000,,,,28095000.000,,,,-70100000.000,,,,351300000.000,,,,-29000000.000,
NetCashProvidedByUsedInInvestingActivitiesContinuingOperations,2197000.000,,,,-19783000.000,,,,329000.000,,,,28095000.000,,,,-70100000.000,,,,-13800000.000,,,,-29000000.000,
NetCashProvidedByUsedInOperatingActivities,-90151000.000,,,,-26021000.000,,,,-31730000.000,,,,-31556000.000,,,,-62200000.000,,,,-115200000.000,,,,-66400000.000,
NetCashProvidedByUsedInOperatingActivitiesContinuingOperations,-90151000.000,,,,-26021000.000,,,,-31730000.000,,,,-31556000.000,,,,-62200000.000,,,,-109900000.000,,,,-66400000.000,
NetIncomeLoss,2501000.000,20804000.000,41755000.000,79755000.000,45163000.000,26502000.000,17434000.000,-10645000.000,-13446000.000,-105035000.000,-21690000.000,-41434000.000,9806000.000,41635000.000,33020000.000,29956000.000,-2800000.000,22200000.000,21700000.000,32600000.000,168200000.000,-21100000.000,-102300000.000,-77800000.000,-58800000.000,-30600000.000
NetIncomeLossAttributableToNoncontrollingInterest,1634000.000,1327000.000,1027000.000,3297000.000,802000.000,1290000.000,630000.000,3220000.000,-436000.000,1183000.000,1486000.000,2850000.000,-4930000.000,1496000.000,1935000.000,4101000.000,-2800000.000,1700000.000,1200000.000,1600000.000,300000.000,800000.000,500000.000,4400000.000,6600000.000,7000000.000
NoncontrollingInterestDecreaseFromDeconsolidation,,,,,,,,,,,,,,,,,,-500000.000,,,,,,,,
NoncontrollingInterestIncreaseFromSaleOfParentEquityInterest,,,,,,,,,,,,,,,,,2600000.000,,,,,,,,,
NonoperatingIncomeExpense,,,,,,,,,,,,,,,,,-10600000.000,-1200000.000,-2600000.000,1600000.000,25600000.000,-46000000.000,-29300000.000,-28800000.000,-26200000.000,-29800000.000
OperatingExpenses,140535000.000,144388000.000,139974000.000,155438000.000,138596000.000,145676000.000,150552000.000,176617000.000,143930000.000,181038000.000,203058000.000,230590000.000,140854000.000,129593000.000,153864000.000,174092000.000,171700000.000,156800000.000,147700000.000,117200000.000,144500000.000,144800000.000,284300000.000,307900000.000,291100000.000,267900000.000
OperatingIncomeLoss,8869000.000,25102000.000,54412000.000,67211000.000,54644000.000,39893000.000,22658000.000,7517000.000,-13916000.000,-23622000.000,-30253000.000,-50469000.000,23279000.000,57202000.000,46719000.000,53747000.000,3600000.000,30700000.000,19600000.000,4700000.000,-5700000.000,10300000.000,-86700000.000,-77700000.000,-48600000.000,-30100000.000
OtherComprehensiveIncomeAmortizationOfDefinedBenefitPlanNetPriorServiceCostRecognizedInNetPeriodicPensionCostNetOfTax,,,,,-64000.000,-65000.000,,,,,,,,,,,,,,,,,,,,
OtherComprehensiveIncomeAvailableForSaleSecuritiesAdjustmentNetOfTaxPeriodIncreaseDecrease,,,,,-744000.000,2153000.000,,,,,,,,,,,,,,,,,,,,
OtherComprehensiveIncomeAvailableforsaleSecuritiesAdjustmentNetOfTaxPortionAttributableToParent,,137000.000,3841000.000,,,,,,,,,,,,,,,,,,,,,,,
OtherComprehensiveIncomeDefinedBenefitPlansAdjustmentNetOfTaxPeriodIncreaseDecrease,,,,,4273000.000,4245000.000,,,,,,,,,,,,,,,,,,,,
OtherComprehensiveIncomeDefinedBenefitPlansAdjustmentNetOfTaxPortionAttributableToParent,,-1532000.000,-1610000.000,,,,,,,,,,,,,,,,,,,,,,,
OtherComprehensiveIncomeDefinedBenefitPlansNetUnamortizedGainLossArisingDuringPeriodNetOfTax,,,,,,,,,,,-45539000.000,,,,,,,,,,,,,,,
OtherComprehensiveIncomeDerivativesQualifyingAsHedgesNetOfTaxPeriodIncreaseDecrease,,,,,76000.000,-177000.000,,,,,,,,,,,,,,,,,,,,
OtherComprehensiveIncomeDerivativesQualifyingAsHedgesNetOfTaxPortionAttributableToParent,,-340000.000,-663000.000,,,,,,,,,,,,,,,,,,,,,,,
OtherComprehensiveIncomeForeignCurrencyTransactionAndTranslationAdjustmentNetOfTaxPeriodIncreaseDecrease,,,,,25565000.000,-66033000.000,,,,,,,,,,,,,,,,,,,,
OtherComprehensiveIncomeForeignCurrencyTransactionAndTranslationAdjustmentNetOfTaxPortionAttributableToNoncontrollingInterest,,332000.000,283000.000,,,,,,,,,,,,,,,,,,,,,,,
OtherComprehensiveIncomeForeignCurrencyTransactionAndTranslationAdjustmentNetOfTaxPortionAttributableToParent,,33817000.000,-105938000.000,,,,,,,,,,,,,,,,,,,,,,,
OtherComprehensiveIncomeLossAmortizationAdjustmentFromAOCIPensionAndOtherPostretirementBenefitPlansForNetPriorServiceCostCreditNetOfTax,,,,,,,,,,,171000.000,,,,,,,,,,,,,,,
OtherComprehensiveIncomeLossAmortizationPensionAndOtherPostretirementBenefitPlansNetPriorServiceCostRecognizedInNetPeriodicPensionCostNetOfTax,,,,,,,65000.000,,63000.000,67000.000,,,,,,,,,,,,,,,,
OtherComprehensiveIncomeLossAvailableForSaleSecuritiesAdjustmentNetOfTax,,,,,,,-1596000.000,,-72000.000,1995000.000,-735000.000,1372000.000,,,,,,,,,,,,,,
OtherComprehensiveIncomeLossBeforeReclassificationsNetOfTax,,,,,,,,,,,,,7573000.000,9067000.000,-50033000.000,-102210000.000,-64100000.000,5300000.000,-70500000.000,-2000000.000,29000000.000,17900000.000,-4700000.000,-65200000.000,49100000.000,83300000.000
OtherComprehensiveIncomeLossBeforeTaxPeriodIncreaseDecrease,,,,,5000.000,5000.000,,,,,,,,,,,,,,,,,,,,
OtherComprehensiveIncomeLossDerivativesQualifyingAsHedgesNetOfTax,,,,,,,-215000.000,,145000.000,286000.000,18000.000,57000.000,,,,,,,,,,,,,,
OtherComprehensiveIncomeLossFinalizationOfPensionAndNonPensionPostretirementPlanValuationNetOfTax,,,,,,,,,699000.000,0.000,-34558000.000,,,,,,,,,,,,,,,
OtherComprehensiveIncomeLossForeignCurrencyTransactionAndTranslationAdjustmentNetOfTax,,,,,,,4814000.000,,,,,,,,,,,,,,,,,,,
OtherComprehensiveIncomeLossNetOfTax,,,,,,,7270000.000,,12360000.000,-46322000.000,74443000.000,-3230000.000,7369000.000,9056000.000,-49292000.000,-104547000.000,-62900000.000,6500000.000,-70100000.000,-1700000.000,30000000.000,18100000.000,-4700000.000,-63400000.000,44900000.000,85800000.000
OtherComprehensiveIncomeLossNetOfTaxPeriodIncreaseDecrease,,,,,29170000.000,-59812000.000,,,,,,,,,,,,,,,,,,,,
OtherComprehensiveIncomeLossNetOfTaxPortionAttributableToParent,,,,,,,,,,,,,7946000.000,9033000.000,-49493000.000,-103690000.000,-63100000.000,6400000.000,-69500000.000,-1400000.000,29800000.000,18900000.000,-4800000.000,-67100000.000,44900000.000,84100000.000
OtherComprehensiveIncomeLossPensionAndOtherPostretirementBenefitPlansAdjustmentBeforeTax,,,,,,,-2000.000,,,,,,,,,,,,,,,,,,,
OtherComprehensiveIncomeLossPensionAndOtherPostretirementBenefitPlansAdjustmentNetOfTax,,,,,,,-4267000.000,,-3971000.000,-3533000.000,81866000.000,26086000.000,,,,,,,,,,,,,,
OtherComprehensiveIncomeLossReclassificationAdjustmentForSaleOfSecuritiesIncludedInNetIncomeNetOfTax,,,,,,,,,-56000.000,-71000.000,,,,,,,,,,,,,,,,
OtherComprehensiveIncomeLossReclassificationAdjustmentFromAOCIForSaleOfSecuritiesNetOfTax,,,,,,,,,,,1012000.000,,,,,,,,,,,,,,,
OtherComprehensiveIncomeLossReclassificationAdjustmentFromAOCIOnDerivativesNetOfTax,,,,,,,,,,,48000.000,,,,,,,,,,,,,,,
OtherComprehensiveIncomeLossReclassificationAdjustmentFromAOCIPensionAndOtherPostretirementBenefitPlansForNetGainLossNetOfTax,,,,,,,,,,,1940000.000,,,,,,,,,,,,,,,
OtherComprehensiveIncomeLossReclassificationAdjustmentOnDerivativesIncludedInNetIncomeNetOfTax,,,,,,,-82000.000,,-60000.000,-51000.000,,,,,,,,,,,,,,,,
OtherComprehensiveIncomeOtherNetOfTax,,,,,,,,,7000.000,7000.000,8000.000,1140000.000,,,,,,,,,,,,,,
OtherComprehensiveIncomeReclassificationAdjustmentOnDerivativesIncludedInNetIncomeNetOfTax,,,,,94000.000,76000.000,,,,,,,,,,,,,,,,,,,,
OtherComprehensiveIncomeReclassificationOfDefinedBenefitPlansNetGainLossRecognizedInNetPeriodicBenefitCostNetOfTax,,,,,4332000.000,4305000.000,4330000.000,-2246000.000,3335000.000,3600000.000,,,,,,,,,,,,,,,,
OtherComprehensiveIncomeUnrealizedGainLossOnDerivativesArisingDuringPeriodNetOfTax,,,,,170000.000,-101000.000,-133000.000,205000.000,205000.000,337000.000,66000.000,90000.000,,,,,,,,,,,,,,
OtherComprehensiveIncomeUnrealizedHoldingGainLossOnSecuritiesArisingDuringPeriodNetOfTax,,,,,-416000.000,3333000.000,132000.000,255000.000,-16000.000,2066000.000,277000.000,1605000.000,,,,,,,,,,,,,,
OtherNonoperatingIncomeExpense,23000.000,1434000.000,-447000.000,-2514000.000,-90000.000,431000.000,607000.000,-18151000.000,-1098000.000,309000.000,355000.000,346000.000,-1435000.000,1308000.000,571000.000,-2092000.000,-1200000.000,800000.000,-1300000.000,5400000.000,34600000.000,-26800000.000,-4200000.000,-100000.000,1300000.000,1900000.000
OtherRestructuringCosts,,,,,-330000.000,374000.000,,,,,,,,,,,,,,,,,,,,
PaymentsForRepurchaseOfCommonStock,21451000.000,,,,2885000.000,,,,1685000.000,,,,1307000.000,,,,2600000.000,,,,1700000.000,,,,4600000.000,
PaymentsForRepurchaseOfRedeemableNoncontrollingInterest,,,,,,,,,,,,,,,,,,,,,,,,,1700000.000,
PaymentsForRestructuring,,,,,,,,,,,,,-23425000.000,,,,5400000.000,,,,1300000.000,,,,27200000.000,
PaymentsOfDebtIssuanceCosts,,,,,,,,,,,,,,,,,,,,,800000.000,10400000.000,28000000.000,0.000,0.000,
PaymentsOfDividendsCommonStock,18650000.000,,,,18094000.000,18219000.000,18260000.000,18257000.000,18418000.000,18501000.000,18550000.000,18528000.000,18653000.000,18751000.000,18789000.000,18753000.000,18900000.000,18900000.000,18700000.000,19100000.000,18800000.000,19200000.000,19000000.000,7600000.000,7600000.000,7700000.000
PaymentsOfDividendsMinorityInterest,,,,,,,,,,,,,1508000.000,,,,0.000,,,,2000000.000,,,,15700000.000,
PaymentsToAcquireAvailableForSaleSecurities,,,,,99738000.000,,,,108887000.000,,,,169188000.000,,,,44500000.000,,,,39500000.000,,,,95100000.000,
PaymentsToAcquireBusinessesGross,,,,,,,,,,,,,,,,,72900000.000,,,,,,,,,
PaymentsToAcquireBusinessesNetOfCashAcquired,,,,,,,,,,,,,,,,,59400000.000,,,,0.000,,,,,
PaymentsToAcquireInvestments,56720000.000,,,,,,,,,,,,,,,,,,,,,,,,,
PaymentsToAcquireOtherProductiveAssets,4103000.000,,,,6692000.000,,,,4039000.000,,,,6183000.000,,,,2100000.000,,,,4900000.000,,,,8700000.000,
PaymentsToAcquireProductiveAssets,,,,,,,,,9328000.000,,,,7316000.000,,,,10800000.000,,,,4700000.000,,,,12100000.000,
PaymentsToAcquirePropertyPlantAndEquipment,10902000.000,,14769000.000,,,,,,,,,,,,,,,,,,,,,,,
ProceedsFromLinesOfCredit,,,,,,,,,108000000.000,,,,4125000.000,,,,75000000.000,,,,,,,,,
ProceedsFromMaturitiesPrepaymentsAndCallsOfAvailableForSaleSecurities,59292000.000,,,,88698000.000,,,,113939000.000,,,,210147000.000,,,,46300000.000,,,,35100000.000,,,,84900000.000,
ProceedsFromNotesPayable,156637000.000,,,,,,,,,,,,,,,,,,,,,,,,,
ProceedsFromOtherDebt,,,,,263724000.000,,,,6915000.000,,,,50523000.000,,,,13900000.000,,,,17300000.000,,,,19100000.000,
ProceedsFromPaymentsForOtherFinancingActivities,615000.000,,,,157000.000,,,,,,,,,,,,,,,,,,,,,
ProceedsFromRepaymentsOfLinesOfCredit,,,,,,,,,,,,,,,,,,,,,73100000.000,,,,20000000.000,
ProceedsFromRepaymentsOfRestrictedCashFinancingActivities,,,,,,,,,,,,,,,,,,,,,-116100000.000,,,,0.000,
ProceedsFromSaleAndCollectionOfFinanceReceivables,7338000.000,,,,,,,,,,,,,,,,,,,,,,,,,
ProceedsFromSaleMaturityAndCollectionsOfInvestments,7117000.000,,,,,,,,,,,,,,,,,,,,,,,,,
ProceedsFromSaleOfAvailableForSaleSecurities,,,,,5808000.000,,,,3854000.000,,,,305000.000,,,,0.000,,,,,,,,,
ProceedsFromSaleOfPropertyPlantAndEquipment,175000.000,,,,0.000,,,,3112000.000,,,,330000.000,,,,400000.000,,,,200000.000,,,,2000000.000,
ProceedsFromStockOptionsExercised,4017000.000,,,,9902000.000,,,,98000.000,,,,10615000.000,,,,1000000.000,,,,0.000,,,,300000.000,
ProductWarrantyAccrualPayments,,,,,14608000.000,,,,13011000.000,,,,12278000.000,,,,12700000.000,,,,10700000.000,,,,12800000.000,
ProductWarrantyAccrualWarrantiesIssued,,,,,15934000.000,,,,12936000.000,,,,11836000.000,,,,-3500000.000,,,,1700000.000,,,,5700000.000,
ProfitLoss,4135000.000,22131000.000,42782000.000,83052000.000,45965000.000,27792000.000,18064000.000,-7425000.000,-13882000.000,-103852000.000,-20204000.000,-38584000.000,4876000.000,43131000.000,34955000.000,34057000.000,-5600000.000,23900000.000,22900000.000,34200000.000,168500000.000,-20300000.000,-101800000.000,-73400000.000,-52200000.000,-23600000.000
ProvisionForLoanLeaseAndOtherLosses,,,,,,,,,7000.000,,,,8000.000,,,,500000.000,,,,0.000,,,,,
ReclassificationFromAccumulatedOtherComprehensiveIncomeCurrentPeriodNetOfTax,,,,,,,,,,,,,373000.000,-34000.000,540000.000,-278000.000,-1000000.000,-1100000.000,-1000000.000,-600000.000,-800000.000,-1000000.000,100000.000,1900000.000,4200000.000,-800000.000
RepaymentsOfNotesPayable,85210000.000,,,,,,,,,,,,,,,,,,,,,,,,,
RepaymentsOfOtherDebt,,,,,234264000.000,,,,85091000.000,,,,42760000.000,,,,16300000.000,,,,198000000.000,,,,84000000.000,
ResearchAndDevelopmentExpense,19424000.000,19375000.000,18466000.000,20843000.000,18801000.000,20172000.000,22167000.000,24741000.000,21030000.000,23417000.000,21957000.000,25911000.000,20070000.000,21637000.000,24466000.000,27444000.000,22300000.000,23900000.000,20000000.000,20700000.000,18500000.000,17600000.000,31300000.000,42800000.000,41400000.000,38800000.000
RestructuringAndRelatedCostIncurredCost,,,1437000.000,,,,,,,,,,,,,,,,,,,,,,,
RestructuringAndRelatedCostReportableSegmentIncurredCost,,4485000.000,,,,,,,,,,,,,,,,,,,,,,,,
RestructuringCharges,,4485000.000,1437000.000,,1723000.000,717000.000,2462000.000,10339000.000,9503000.000,7555000.000,4346000.000,35611000.000,5137000.000,696000.000,928000.000,5111000.000,3100000.000,7200000.000,7600000.000,3300000.000,400000.000,5000000.000,7400000.000,46600000.000,12900000.000,14400000.000
RestructuringReservePeriodExpense,,,,,1723000.000,,,,,,,,,,,,,,,,,,,,,
RestructuringReserveSettledWithCash,,,,,-1945000.000,,,,-5994000.000,,,,,,,,,,,,,,,,,
Revenues,614157000.000,662382000.000,709322000.000,849987000.000,698491000.000,743188000.000,709919000.000,840095000.000,633511000.000,707113000.000,25049000.000,811443000.000,688293000.000,733457000.000,768031000.000,861272000.000,655500000.000,733400000.000,680900000.000,349500000.000,509600000.000,580000000.000,983300000.000,1243400000.000,1102800000.000,1133900000.000
RevenuesFromTransactionsWithOtherOperatingSegmentsOfSameEntity,,,33387000.000,,32382000.000,28998000.000,20151000.000,23830000.000,28465000.000,26128000.000,,,,,,,,,,,,,,,,
SalesRevenueGoodsNet,249783000.000,273431000.000,320336000.000,439940000.000,301626000.000,346279000.000,307614000.000,409653000.000,251293000.000,293897000.000,300186000.000,375059000.000,304914000.000,323638000.000,351498000.000,433381000.000,261500000.000,323300000.000,276500000.000,163800000.000,172900000.000,223500000.000,440600000.000,571400000.000,419200000.000,446000000.000
SalesRevenueNet,614157000.000,662382000.000,709322000.000,849987000.000,698491000.000,743188000.000,709919000.000,840095000.000,633511000.000,707113000.000,705424000.000,811443000.000,688293000.000,733457000.000,768031000.000,861272000.000,655500000.000,733400000.000,680900000.000,349500000.000,509600000.000,580000000.000,983300000.000,1243400000.000,1102800000.000,1133900000.000
SalesRevenueServicesNet,364374000.000,388951000.000,388986000.000,410047000.000,396865000.000,396909000.000,402305000.000,430442000.000,382218000.000,413216000.000,405238000.000,436384000.000,383379000.000,409819000.000,416533000.000,427891000.000,394000000.000,410100000.000,404400000.000,185700000.000,336700000.000,356500000.000,542700000.000,672000000.000,683600000.000,687900000.000
SegmentReportingInformationDepreciationExpense,,12587000.000,,,,,,,,,,,,,,,,,,,,,,,,
SegmentReportingInformationExpendituresForAdditionsToLongLivedAssets,,12785000.000,,,,,,,,,,,,,,,,,,,,,,,,
SegmentReportingInformationIntersegmentRevenue,,33296000.000,,,,,,,,,,,,,,,,,,,,,,,,
SellingGeneralAndAdministrativeExpense,121111000.000,122051000.000,121508000.000,136516000.000,119795000.000,118803000.000,120455000.000,151926000.000,125513000.000,157205000.000,111683000.000,202293000.000,120292000.000,121006000.000,129938000.000,144315000.000,129900000.000,135000000.000,127600000.000,95700000.000,125600000.000,127300000.000,253500000.000,254800000.000,247000000.000,236800000.000
ShareBasedCompensation,3435000.000,,,,3797000.000,,,,7186000.000,,,,5080000.000,,,,4300000.000,,,,5600000.000,4500000.000,4100000.000,8000000.000,6800000.000,8200000.000
ShareBasedCompensationArrangementByShareBasedPaymentAwardOptionsForfeituresInPeriod,,,,,400000.000,,,,191000.000,,,,283000.000,,,,300000.000,,,,200000.000,,,,200000.000,
ShareBasedCompensationArrangementByShareBasedPaymentAwardOptionsGrantsInPeriod,,,,,539000.000,,,,240000.000,,,,446000.000,,,,500000.000,,,,500000.000,,,,800000.000,
ShareBasedCompensationArrangementsByShareBasedPaymentAwardOptionsExercisesInPeriodWeightedAverageExercisePrice,,,,,,,,,25.960,,,,32.500,,,,,,,,,,,,,
ShareBasedCompensationArrangementsByShareBasedPaymentAwardOptionsForfeituresInPeriodWeightedAverageExercisePrice,,,,,,,,,36.310,,,,52.350,,,,48.340,,,,38.230,,,,39.410,
ShareBasedCompensationArrangementsByShareBasedPaymentAwardOptionsGrantsInPeriodWeightedAverageExercisePrice,,,,,,,,,29.870,,,,34.130,,,,32.330,,,,27.390,,,,26.600,
StandardAndExtendedProductWarrantyAccrualForeignCurrencyTranslationGainLoss,,,,,,,,,,,,,,,,,,,,,4000000.000,,,,800000.000,
StockIssuedDuringPeriodSharesStockOptionsExercised,,,,,331000.000,,,,269000.000,,,,327000.000,,,,,,,,,,,,,
StockIssuedDuringPeriodValueNewIssues,,43000.000,5000.000,,686000.000,252000.000,45000.000,,545000.000,178000.000,172000.000,,573000.000,148000.000,42000.000,,400000.000,200000.000,0.000,,300000.000,100000.000,12400000.000,,600000.000,100000.000
TemporaryEquityForeignCurrencyTranslationAdjustments,,,,,,,,,,,,,,,,,,,,,,,,,-18600000.000,
TranslationAdjustmentForNetInvestmentHedgeIncreaseDecreaseNetOfTax,,,1780000.000,,2026000.000,4295000.000,-463000.000,-2837000.000,287000.000,3700000.000,-3764000.000,,-2457000.000,-3038000.000,-3750000.000,,6600000.000,-1500000.000,6200000.000,,-5500000.000,-6000000.000,-600000.000,,-3000000.000,1500000.000
TreasuryStockValueAcquiredCostMethod,,36140000.000,47261000.000,,2885000.000,11000.000,180000.000,376000.000,1685000.000,283000.000,1692000.000,403000.000,1307000.000,248000.000,288000.000,75000.000,2600000.000,200000.000,200000.000,0.000,1700000.000,300000.000,100000.000,100000.000,4600000.000,-100000.000
UnrealizedGainLossOnInterestRateCashFlowHedgesPretaxAccumulatedOtherComprehensiveIncomeLoss,,,,,,,,,,,,,267000.000,224000.000,350000.000,252000.000,300000.000,200000.000,300000.000,300000.000,,,,,,
ValuationAllowanceDeferredTaxAssetChangeInAmount,,,,,,,,,,,,,,2439000.000,,,,,,,,,,,,
WeightedAverageNumberDilutedSharesOutstandingAdjustment,,454000.000,560000.000,,608000.000,971000.000,923000.000,-1649000.000,0.000,0.000,0.000,0.000,555000.000,636000.000,678000.000,-1245000.000,0.000,700000.000,600000.000,-600000.000,600000.000,0.000,0.000,-600000.000,0.000,0.000
WeightedAverageNumberOfDilutedSharesOutstanding,66230000.000,65482000.000,64186000.000,-131106000.000,63333000.000,64035000.000,64134000.000,-127588000.000,63311000.000,63700000.000,63825000.000,-127177000.000,64809000.000,65224000.000,65293000.000,-130172000.000,64700000.000,65600000.000,65600000.000,-130300000.000,65700000.000,65200000.000,70900000.000,-132700000.000,75300000.000,75500000.000
WeightedAverageNumberOfSharesOutstandingBasic,65762000.000,65028000.000,63626000.000,-130172000.000,62725000.000,63064000.000,63211000.000,-125939000.000,63311000.000,63700000.000,63825000.000,-127177000.000,64254000.000,64588000.000,64615000.000,-128927000.000,64700000.000,64900000.000,65000000.000,-129700000.000,65100000.000,65200000.000,70900000.000,-132100000.000,75300000.000,75500000.000
