,2011-03-31,2011-06-30,2011-09-30,2011-12-31,2012-03-31,2012-06-30,2012-09-30,2012-12-31,2013-03-31,2013-06-30,2013-09-30,2013-12-31,2014-03-31,2014-06-30,2014-09-30,2014-12-31,2015-03-31,2015-06-30,2015-09-30,2015-12-31,2016-03-31,2016-06-30,2016-09-30,2016-12-31,2017-03-31,2017-06-30
AdjustmentsNoncashItemsToReconcileNetIncomeLossToCashProvidedByUsedInOperatingActivities,,,,,311000000.000,,,,-23000000.000,,,,313000000.000,,,,-2000000.000,,,,258000000.000,,,,78000000.000,
AdjustmentsNoncashItemsToReconcileNetIncomeLossToCashProvidedByUsedInOperatingActivitiesOther,385000000.000,,,,,,,,,,,,,,,,,,,,,,,,,
AmortizationOfIntangibleAssets,67000000.000,,,,106000000.000,92000000.000,,,106000000.000,,,,125000000.000,,,,140000000.000,117000000.000,,,122000000.000,,,,51000000.000,
AntidilutiveSecuritiesExcludedFromComputationOfEarningsPerShareAmount,,,,,,,,,,,,,,,,,0.000,,,,,,,,,
AssetImpairmentCharges,,,,,,,242000000.000,,,,,,,,,,,,,,,,,,,
CashAndCashEquivalentsPeriodIncreaseDecrease,-467000000.000,,,,-176000000.000,,,,2176000000.000,,,,-5159000000.000,,,,-3288000000.000,,,,-1134000000.000,,,,-1258000000.000,
CashFlowHedgeGainLossToBeReclassifiedWithinTwelveMonths,,,,,15000000.000,28000000.000,15000000.000,-49000000.000,14000000.000,-24000000.000,-30000000.000,,-13000000.000,-7000000.000,4000000.000,,4000000.000,3000000.000,9000000.000,,3000000.000,-9000000.000,-7000000.000,,8000000.000,
CommonStockDividendsPerShareCashPaid,0.410,0.410,0.410,,0.410,0.430,0.430,0.430,0.430,0.450,0.450,0.450,0.450,0.450,0.470,0.470,0.470,,,,,,,,,
CommonStockDividendsPerShareDeclared,,,,,,,,,,,,,,,,,,0.490,0.380,,0.380,0.380,0.380,0.380,0.380,0.380
ComprehensiveIncomeNetOfTax,,,,,1773000000.000,901000000.000,368000000.000,-150000000.000,3332000000.000,1148000000.000,829000000.000,2744000000.000,1478000000.000,1019000000.000,98000000.000,-2236000000.000,16000000.000,1216000000.000,439000000.000,-1026000000.000,671000000.000,214000000.000,92000000.000,1021000000.000,1601000000.000,1220000000.000
ComprehensiveIncomeNetOfTaxAttributableToNoncontrollingInterest,12000000.000,,,,14000000.000,34000000.000,3000000.000,2000000.000,7000000.000,4000000.000,3000000.000,-2000000.000,6000000.000,4000000.000,1000000.000,1000000.000,4000000.000,5000000.000,0.000,-3000000.000,6000000.000,4000000.000,4000000.000,-2000000.000,8000000.000,7000000.000
ComprehensiveIncomeNetOfTaxIncludingPortionAttributableToNoncontrollingInterest,1604000000.000,1403000000.000,227000000.000,,1787000000.000,935000000.000,371000000.000,-148000000.000,3339000000.000,1152000000.000,832000000.000,2742000000.000,1484000000.000,1023000000.000,99000000.000,-2235000000.000,20000000.000,1221000000.000,439000000.000,-1029000000.000,677000000.000,218000000.000,96000000.000,1019000000.000,1609000000.000,1227000000.000
ConsolidationLessThanWhollyOwnedSubsidiaryParentOwnershipInterestChangesPurchaseOfInterestByParent,,,,,,11000000.000,,,,,,,,,,,,,,,,,,,,
CostOfGoodsSold,,,,,,,,,,6057000000.000,5165000000.000,,6000000000.000,5999000000.000,4880000000.000,4824000000.000,5553000000.000,5280000000.000,3084000000.000,1195000000.000,4242000000.000,3990000000.000,3090000000.000,3147000000.000,4371000000.000,4192000000.000
CostsAndExpenses,8357000000.000,8904000000.000,8830000000.000,8346000000.000,9315000000.000,9646000000.000,7510000000.000,5724000000.000,8726000000.000,8638000000.000,7577000000.000,7714000000.000,8343000000.000,8674000000.000,7082000000.000,6956000000.000,7769000000.000,7703000000.000,4744000000.000,,,,,,,
DefinedBenefitPlanNetPeriodicBenefitCost,,,,,,,,,,,,,,,,,147000000.000,,,,146000000.000,,,,109000000.000,
Depreciation,294000000.000,,,,349000000.000,,,,327000000.000,,,,312000000.000,,,,306000000.000,,,,238000000.000,,,,230000000.000,
DerivativeGainLossOnDerivativeNet,,,,,,,,,,,-137000000.000,,-95000000.000,-90000000.000,402000000.000,326000000.000,262000000.000,-12000000.000,172000000.000,-6000000.000,-147000000.000,-189000000.000,-83000000.000,74000000.000,-73000000.000,-74000000.000
DerivativeInstrumentsGainLossReclassifiedFromAccumulatedOCIIntoIncomeEffectivePortionNet,,-25000000.000,-25000000.000,,,,,,,,,,,,,,,,,,,,,,,
DerivativeInstrumentsGainLossRecognizedInIncomeIneffectivePortionAndAmountExcludedFromEffectivenessTestingNet,,1000000.000,1000000.000,,,,,,,,,,,,,,,,,,,,,,,
DerivativeInstrumentsGainLossRecognizedInIncomeNet,,20000000.000,22000000.000,,-110000000.000,257000000.000,-218000000.000,-54000000.000,115000000.000,86000000.000,,,,,,,,,,,,,,,,
DerivativeInstrumentsGainLossRecognizedInOtherComprehensiveIncomeEffectivePortionNet,,-3000000.000,13000000.000,,-4000000.000,39000000.000,-6000000.000,-24000000.000,-16000000.000,,,,,,,,,,,,,,,,,
DiscontinuedOperationGainLossFromDisposalOfDiscontinuedOperationBeforeIncomeTax,,,,,,,,,2683000000.000,,,,,,,,,,,,,,,,,
DiscontinuedOperationGainLossOnDisposalOfDiscontinuedOperationNetOfTax,,,,,,,,,1942000000.000,,,,,,,,,,,,,,,,,
DiscontinuedOperationIncomeLossFromDiscontinuedOperationDuringPhaseOutPeriodBeforeIncomeTax,,,,,,,164000000.000,,2715000000.000,-2000000.000,,,,,,,,,,,,,,,,
DiscontinuedOperationIncomeLossFromDiscontinuedOperationDuringPhaseOutPeriodNetOfTax,,,,,,,53000000.000,,1968000000.000,4000000.000,,,,,,,,,,,,,,,,
DiscontinuedOperationTaxEffectOfIncomeLossFromDiscontinuedOperationDuringPhaseOutPeriod,,,,,,,111000000.000,,747000000.000,-6000000.000,,,,,,,,,,,,,,,,
DisposalGroupIncludingDiscontinuedOperationRevenue,,,,,,,1039000000.000,,331000000.000,0.000,,,,,,,,,,,,,,,,
DisposalGroupNotDiscontinuedOperationGainLossOnDisposal,,,,,,,,,,,,,,391000000.000,,,,,,,,,,,,
DividendsCommonStock,390000000.000,385000000.000,384000000.000,383000000.000,,,,,,,,,,,,,,,,,,,,,,
DividendsPreferredStock,3000000.000,2000000.000,3000000.000,2000000.000,3000000.000,2000000.000,3000000.000,2000000.000,,,,,,,2000000.000,,2000000.000,3000000.000,2000000.000,3000000.000,2000000.000,3000000.000,2000000.000,3000000.000,2000000.000,3000000.000
EarningsPerShareBasic,1.540,1.310,0.480,0.400,1.590,1.260,0.010,0.120,3.600,1.110,0.300,0.210,1.560,1.160,0.470,0.760,1.130,1.040,0.260,-0.260,1.400,1.160,0.000,0.310,1.280,0.990
EarningsPerShareDiluted,1.520,1.290,0.480,0.390,1.570,1.250,0.010,0.120,3.580,1.110,0.300,0.190,1.540,1.150,0.470,0.760,1.130,1.030,0.260,-0.260,1.390,1.160,0.000,0.300,1.270,0.990
EffectOfExchangeRateOnCashAndCashEquivalents,53000000.000,,,,12000000.000,,,,-96000000.000,,,,-33000000.000,,,,-174000000.000,,,,20000000.000,,,,60000000.000,
EquityMethodInvestmentRealizedGainLossOnDisposal,,,,,,122000000.000,0.000,,,,,,,,,,,,,,,,,,,
FiniteLivedIntangibleAssetsAmortizationExpense,67000000.000,70000000.000,58000000.000,82000000.000,106000000.000,,,,,,,,,,,,,,,,,,,,,
ForeignCurrencyTransactionGainLossBeforeTax,-143000000.000,4000000.000,-6000000.000,-18000000.000,-80000000.000,28000000.000,-130000000.000,-33000000.000,11000000.000,35000000.000,-101000000.000,-73000000.000,-96000000.000,-109000000.000,218000000.000,122000000.000,64000000.000,26000000.000,-36000000.000,-24000000.000,-121000000.000,-15000000.000,-76000000.000,106000000.000,-59000000.000,-140000000.000
FutureAmortizationExpenseRemainderOfFiscalYear,,,,,338000000.000,,,,,,,,,,,,,,,,,,,,,
FutureAmortizationExpenseYearFive,85000000.000,,,,180000000.000,,,,,,,,,,,,,,,,,,,,,
FutureAmortizationExpenseYearFour,172000000.000,,,,308000000.000,,,,,,,,,,,,,,,,,,,,,
FutureAmortizationExpenseYearOne,215000000.000,,,,332000000.000,,,,,,,,,,,,,,,,,,,,,
FutureAmortizationExpenseYearThree,204000000.000,,,,351000000.000,,,,,,,,,,,,,,,,,,,,,
FutureAmortizationExpenseYearTwo,215000000.000,,,,348000000.000,,,,,,,,,,,,,,,,,,,,,
GainLossOnDispositionOfAssets1,,,,,,,,,,,,,,,,,,,,,369000000.000,,,,,
GainLossOnSaleOfBusiness,,,,,,,,,-2683000000.000,,,,0.000,,,,,,,,,,,,,
GainsLossesOnSalesOfAssets,6000000.000,33000000.000,-1000000.000,52000000.000,5000000.000,5000000.000,1000000.000,119000000.000,,,,,,,,,,,,,,,,,,
IncomeLossFromContinuingOperations,,,,,,,-43000000.000,,,,,,,,433000000.000,,1031000000.000,940000000.000,131000000.000,-213000000.000,1223000000.000,1023000000.000,9000000.000,254000000.000,1330000000.000,852000000.000
IncomeLossFromContinuingOperationsBeforeIncomeTaxesExtraordinaryItemsNoncontrollingInterest,,,,,,,,,,,228000000.000,,1802000000.000,1440000000.000,786000000.000,963000000.000,1601000000.000,1175000000.000,227000000.000,-412000000.000,1635000000.000,1333000000.000,-56000000.000,353000000.000,1562000000.000,987000000.000
IncomeLossFromContinuingOperationsBeforeIncomeTaxesMinorityInterestAndIncomeLossFromEquityMethodInvestments,1702000000.000,1589000000.000,569000000.000,422000000.000,1941000000.000,1637000000.000,-174000000.000,-289000000.000,1774000000.000,1365000000.000,,,,,,,,,,,,,,,,
IncomeLossFromContinuingOperationsIncludingPortionAttributableToNoncontrollingInterest,,,,,,,-40000000.000,,1387000000.000,1030000000.000,263000000.000,183000000.000,1445000000.000,1074000000.000,434000000.000,668000000.000,,,131000000.000,,1229000000.000,1027000000.000,13000000.000,252000000.000,1338000000.000,859000000.000
IncomeLossFromContinuingOperationsPerBasicShare,,,,,,,-0.050,,1.480,1.110,0.280,0.200,1.560,1.160,0.470,0.750,,,0.140,,1.400,1.170,0.010,0.280,1.530,0.980
IncomeLossFromContinuingOperationsPerDilutedShare,,,,,,,-0.050,,1.470,1.100,0.280,0.190,1.540,1.150,0.470,0.740,,,0.140,,1.390,1.160,0.010,0.290,1.520,0.970
IncomeLossFromDiscontinuedOperationsNetOfTax,,,,,,,,,,,25000000.000,,,,,,,,,,,,,,-217000000.000,10000000.000
IncomeLossFromDiscontinuedOperationsNetOfTaxAttributableToReportingEntity,,,,,,,53000000.000,,,,,,0.000,0.000,0.000,15000000.000,,,104000000.000,,3000000.000,-3000000.000,-7000000.000,11000000.000,-217000000.000,10000000.000
IncomeLossFromDiscontinuedOperationsNetOfTaxPerBasicShare,,,,,,,0.060,,2.120,0.000,0.030,0.010,0.000,0.000,0.000,0.020,,,0.120,,0.000,0.000,-0.010,0.010,-0.250,0.010
IncomeLossFromDiscontinuedOperationsNetOfTaxPerDilutedShare,,,,,,,0.060,,2.100,0.000,0.030,0.010,0.000,0.000,0.000,0.020,,,0.120,,0.000,0.000,-0.010,0.010,-0.250,0.010
IncomeLossFromEquityMethodInvestments,,35000000.000,34000000.000,,,,,,,,,,,,,,,,,,,,,,,
IncomeTaxExpenseBenefit,258000000.000,360000000.000,109000000.000,45000000.000,441000000.000,449000000.000,-134000000.000,-134000000.000,387000000.000,335000000.000,-35000000.000,-61000000.000,357000000.000,366000000.000,352000000.000,295000000.000,566000000.000,230000000.000,96000000.000,-196000000.000,406000000.000,306000000.000,-69000000.000,101000000.000,224000000.000,128000000.000
IncreaseDecreaseInOperatingCapital,3569000000.000,,,,3529000000.000,,,,3639000000.000,,,,4515000000.000,,,,3625000000.000,,,,3378000000.000,,,,3058000000.000,
IncreaseDecreaseInRestrictedCash,1991000000.000,,,,0.000,,,,,,,,,,,,,,,,,,,,,
IncrementalCommonSharesAttributableToShareBasedPaymentArrangements,16012000.000,13189000.000,11129000.000,-27718000.000,10328000.000,8775000.000,8789000.000,-18970000.000,,,,,,,6997000.000,,6984000.000,5920000.000,4011000.000,-11380000.000,3705000.000,4166000.000,5099000.000,-8494000.000,4567000.000,4269000.000
InterestExpenseDebt,100000000.000,115000000.000,116000000.000,116000000.000,114000000.000,117000000.000,116000000.000,117000000.000,117000000.000,115000000.000,108000000.000,108000000.000,103000000.000,94000000.000,93000000.000,87000000.000,84000000.000,127000000.000,82000000.000,49000000.000,92000000.000,93000000.000,93000000.000,92000000.000,84000000.000,99000000.000
InterestIncomeOperating,28000000.000,32000000.000,28000000.000,22000000.000,23000000.000,37000000.000,27000000.000,22000000.000,,,,,,,,,,,,,,,,,,
LossContingencyAccrualCarryingValuePeriodIncreaseDecrease,,,,,,,,,,,,,,,,,,,,,,5000000.000,,,,30000000.000
NetCashProvidedByUsedInFinancingActivities,1929000000.000,,,,1845000000.000,,,,331000000.000,,,,-2469000000.000,,,,-851000000.000,,,,663000000.000,,,,1641000000.000,
NetCashProvidedByUsedInFinancingActivitiesContinuingOperations,1929000000.000,,,,1845000000.000,,,,331000000.000,,,,-2469000000.000,,,,-851000000.000,,,,663000000.000,,,,1641000000.000,
NetCashProvidedByUsedInInvestingActivities,-965000000.000,,,,-156000000.000,,,,4608000000.000,,,,-236000000.000,,,,-140000000.000,,,,27000000.000,,,,-1335000000.000,
NetCashProvidedByUsedInInvestingActivitiesContinuingOperations,-965000000.000,,,,-156000000.000,,,,4608000000.000,,,,-236000000.000,,,,-140000000.000,,,,27000000.000,,,,-1335000000.000,
NetCashProvidedByUsedInOperatingActivities,-1484000000.000,,,,-1877000000.000,,,,-2667000000.000,,,,-2421000000.000,,,,-2123000000.000,,,,-1844000000.000,,,,-1624000000.000,
NetCashProvidedByUsedInOperatingActivitiesContinuingOperations,-1484000000.000,,,,-1877000000.000,,,,-2667000000.000,,,,-2421000000.000,,,,-2123000000.000,,,,-1844000000.000,,,,-1624000000.000,
NetIncomeLoss,1431000000.000,1218000000.000,452000000.000,373000000.000,1488000000.000,1179000000.000,10000000.000,111000000.000,3348000000.000,1030000000.000,285000000.000,185000000.000,1439000000.000,1070000000.000,433000000.000,683000000.000,1031000000.000,940000000.000,235000000.000,-253000000.000,1226000000.000,1020000000.000,2000000.000,265000000.000,1113000000.000,862000000.000
NetIncomeLossAttributableToNoncontrollingInterest,13000000.000,11000000.000,8000000.000,4000000.000,12000000.000,9000000.000,3000000.000,1000000.000,7000000.000,4000000.000,3000000.000,0.000,6000000.000,4000000.000,1000000.000,0.000,4000000.000,5000000.000,0.000,-3000000.000,6000000.000,4000000.000,4000000.000,-2000000.000,8000000.000,7000000.000
NetIncomeLossAvailableToCommonStockholdersBasic,1428000000.000,1216000000.000,449000000.000,371000000.000,1485000000.000,1177000000.000,7000000.000,109000000.000,,,,,,,431000000.000,,,,233000000.000,,1224000000.000,1017000000.000,0.000,262000000.000,1111000000.000,859000000.000
NoncontrollingInterestDecreaseFromDeconsolidation,,,-3000000.000,,,,,,,,,,,,,,,,,,,,,,,
OperatingIncomeLoss,,1943000000.000,850000000.000,,2327000000.000,1898000000.000,356000000.000,251000000.000,2241000000.000,1777000000.000,741000000.000,610000000.000,2248000000.000,1955000000.000,923000000.000,1230000000.000,1941000000.000,1637000000.000,580000000.000,,,,,,,
OtherComprehensiveIncomeAvailableForSaleSecuritiesAdjustmentBeforeTaxPeriodIncreaseDecrease,,,,,1000000.000,,,,,,,,,,,,,,,,,,,,,
OtherComprehensiveIncomeDefinedBenefitPlansAdjustmentNetOfTaxPeriodIncreaseDecrease,-9000000.000,,,,,,,,,,,,,,,,,,,,,,,,,
OtherComprehensiveIncomeDerivativesQualifyingAsHedgesBeforeTaxPeriodIncreaseDecrease,,,,,-34000000.000,,,,,,,,,,,,,,,,,,,,,
OtherComprehensiveIncomeDerivativesQualifyingAsHedgesNetOfTaxPeriodIncreaseDecrease,,,,,-21000000.000,,,,,,,,,,,,,,,,,,,,,
OtherComprehensiveIncomeDerivativesQualifyingAsHedgesNetOfTaxPortionAttributableToParent,21000000.000,13000000.000,22000000.000,16000000.000,,,,,,,,,,,,,,,,,,,,,,
OtherComprehensiveIncomeDerivativesQualifyingAsHedgesTaxEffectPeriodIncreaseDecrease,,,,,-13000000.000,,,,,,,,,,,,,,,,,,,,,
OtherComprehensiveIncomeForeignCurrencyTransactionAndTranslationAdjustmentBeforeTaxPeriodIncreaseDecrease,,,,,170000000.000,,,,,,,,,,,,,,,,,,,,,
OtherComprehensiveIncomeForeignCurrencyTransactionAndTranslationAdjustmentNetOfTaxPeriodIncreaseDecrease,44000000.000,73000000.000,-348000000.000,-226000000.000,170000000.000,,,,,,,,,,,,,,,,,,,,,
OtherComprehensiveIncomeForeignCurrencyTranslationAdjustmentTax,,,,,0.000,,,,,,,,,,,,,,,,,,,,,
OtherComprehensiveIncomeLossAvailableForSaleSecuritiesAdjustmentBeforeTax,,,,,,1000000.000,-5000000.000,,-2000000.000,3000000.000,0.000,0.000,0.000,0.000,0.000,0.000,,,,,-8000000.000,14000000.000,5000000.000,,,
OtherComprehensiveIncomeLossAvailableForSaleSecuritiesAdjustmentNetOfTax,,,,,,0.000,-3000000.000,,-2000000.000,2000000.000,0.000,0.000,0.000,0.000,,,,,,,,,,,0.000,0.000
OtherComprehensiveIncomeLossAvailableForSaleSecuritiesTax,,,,,,1000000.000,-2000000.000,,0.000,1000000.000,0.000,0.000,0.000,0.000,,,,,,,,,,,,
OtherComprehensiveIncomeLossBeforeReclassificationsNetOfTax,,,,,,,,,,,,,-47000000.000,,,,-1135000000.000,,,,-670000000.000,,,,366000000.000,
OtherComprehensiveIncomeLossBeforeTax,,,,,,-177000000.000,484000000.000,,59000000.000,185000000.000,739000000.000,3885000000.000,96000000.000,-44000000.000,-307000000.000,-4413000000.000,-929000000.000,326000000.000,380000000.000,-910000000.000,-957000000.000,-1210000000.000,123000000.000,,,
OtherComprehensiveIncomeLossBeforeTaxPeriodIncreaseDecrease,,,,,351000000.000,,,,,,,,,,,,,,,,,,,,,
OtherComprehensiveIncomeLossDerivativesQualifyingAsHedgesBeforeTax,,,,,,15000000.000,-17000000.000,,-26000000.000,-26000000.000,-14000000.000,-17000000.000,56000000.000,1000000.000,-5000000.000,16000000.000,-15000000.000,13000000.000,-22000000.000,-1000000.000,27000000.000,28000000.000,-3000000.000,,,
OtherComprehensiveIncomeLossDerivativesQualifyingAsHedgesNetOfTax,,,,,,10000000.000,-11000000.000,,-15000000.000,-17000000.000,-8000000.000,-11000000.000,35000000.000,0.000,-2000000.000,9000000.000,-12000000.000,8000000.000,-13000000.000,-1000000.000,17000000.000,17000000.000,,,-3000000.000,-8000000.000
OtherComprehensiveIncomeLossDerivativesQualifyingAsHedgesTax,,,,,,5000000.000,-6000000.000,,-11000000.000,-9000000.000,-6000000.000,-6000000.000,21000000.000,1000000.000,-3000000.000,7000000.000,-3000000.000,5000000.000,-9000000.000,0.000,10000000.000,11000000.000,,,,
OtherComprehensiveIncomeLossForeignCurrencyTransactionAndTranslationAdjustmentBeforeTax,,,,,,-412000000.000,189000000.000,,-209000000.000,-14000000.000,177000000.000,71000000.000,-72000000.000,-59000000.000,-428000000.000,-317000000.000,-1189000000.000,197000000.000,-125000000.000,-488000000.000,170000000.000,-97000000.000,114000000.000,,,
OtherComprehensiveIncomeLossForeignCurrencyTransactionAndTranslationAdjustmentNetOfTax,,,,,,-412000000.000,189000000.000,,-209000000.000,-14000000.000,177000000.000,71000000.000,-72000000.000,-59000000.000,-428000000.000,-317000000.000,-1189000000.000,197000000.000,-125000000.000,-488000000.000,170000000.000,-97000000.000,114000000.000,-697000000.000,378000000.000,275000000.000
OtherComprehensiveIncomeLossForeignCurrencyTranslationAdjustmentTax,,,,,,0.000,0.000,,0.000,0.000,0.000,0.000,0.000,0.000,0.000,0.000,0.000,0.000,0.000,0.000,0.000,0.000,0.000,,,
OtherComprehensiveIncomeLossNetOfTax,,,,,,-253000000.000,358000000.000,,-16000000.000,118000000.000,544000000.000,2557000000.000,39000000.000,-51000000.000,-335000000.000,-2918000000.000,-1015000000.000,276000000.000,204000000.000,-773000000.000,-555000000.000,-806000000.000,90000000.000,756000000.000,488000000.000,358000000.000
OtherComprehensiveIncomeLossNetOfTaxPeriodIncreaseDecrease,160000000.000,174000000.000,-233000000.000,-3079000000.000,287000000.000,,,,,,,,,,,,,,,,,,,,,
OtherComprehensiveIncomeLossReclassificationAdjustmentForSaleOfSecuritiesIncludedInNetIncomeBeforeTax,,,,,,2000000.000,0.000,,,,,,,,,,,,,,,,,,,
OtherComprehensiveIncomeLossReclassificationAdjustmentForSaleOfSecuritiesIncludedInNetIncomeNetOfTax,,,,,,1000000.000,0.000,,,,,,,,,,,,,,,,,,,
OtherComprehensiveIncomeLossReclassificationAdjustmentForSaleOfSecuritiesIncludedInNetIncomeTax,,,,,,1000000.000,0.000,,,,,,,,,,,,,,,,,,,
OtherComprehensiveIncomeLossReclassificationAdjustmentFromAOCIOnDerivativesBeforeTax,,,,,,,,,,,-1000000.000,,-18000000.000,-13000000.000,2000000.000,14000000.000,-7000000.000,-5000000.000,0.000,0.000,-11000000.000,-7000000.000,0.000,,,
OtherComprehensiveIncomeLossReclassificationAdjustmentOnDerivativesIncludedInNetIncomeBeforeTax,,,,,,-23000000.000,-11000000.000,,-10000000.000,-18000000.000,,,,,,,,,,,,,,,,
OtherComprehensiveIncomeLossReclassificationAdjustmentOnDerivativesIncludedInNetIncomeNetOfTax,,,,,,-13000000.000,-6000000.000,,,,,,,,,,,,,,,,,,,
OtherComprehensiveIncomeLossReclassificationAdjustmentOnDerivativesIncludedInNetIncomeTax,,,,,,-10000000.000,-5000000.000,,,,,,,,,,,,,,,,,,,
OtherComprehensiveIncomeLossTax,,,,,-64000000.000,76000000.000,126000000.000,-17000000.000,75000000.000,67000000.000,195000000.000,1328000000.000,57000000.000,7000000.000,28000000.000,-1495000000.000,86000000.000,50000000.000,176000000.000,-137000000.000,-402000000.000,-404000000.000,33000000.000,785000000.000,-61000000.000,-51000000.000
OtherComprehensiveIncomeMinimumPensionLiabilityNetAdjustmentNetOfTax,-103000000.000,,,,,,,,,,,,,,,,,,,,,,,,,
OtherComprehensiveIncomeReclassificationAdjustmentOnDerivativesIncludedInNetIncomeBeforeTax,,25000000.000,25000000.000,,-32000000.000,,,,,,,,,,,,,,,,,,,,,
OtherComprehensiveIncomeReclassificationAdjustmentOnDerivativesIncludedInNetIncomeNetOfTax,,16000000.000,16000000.000,,-19000000.000,,,,,,,,,,,,,,,,,,,,,
OtherComprehensiveIncomeReclassificationAdjustmentOnDerivativesIncludedInNetIncomeTax,,-9000000.000,-9000000.000,,-13000000.000,,,,,,,,,,,,,,,,,,,,,
OtherComprehensiveIncomeUnrealizedGainLossOnDerivativesArisingDuringPeriodBeforeTax,,-3000000.000,13000000.000,,-2000000.000,38000000.000,-6000000.000,-22000000.000,-16000000.000,-8000000.000,-15000000.000,-19000000.000,38000000.000,-12000000.000,-3000000.000,30000000.000,-22000000.000,8000000.000,-22000000.000,-1000000.000,16000000.000,21000000.000,-3000000.000,,,
OtherComprehensiveIncomeUnrealizedGainLossOnDerivativesArisingDuringPeriodNetOfTax,,-1000000.000,8000000.000,,-2000000.000,23000000.000,-5000000.000,-14000000.000,-9000000.000,-6000000.000,-9000000.000,-12000000.000,24000000.000,-8000000.000,-1000000.000,18000000.000,-16000000.000,5000000.000,-13000000.000,-1000000.000,10000000.000,13000000.000,-2000000.000,,,
OtherComprehensiveIncomeUnrealizedGainLossOnDerivativesArisingDuringPeriodTax,,2000000.000,-5000000.000,,0.000,15000000.000,-1000000.000,-8000000.000,-7000000.000,-2000000.000,-6000000.000,-7000000.000,14000000.000,-4000000.000,-2000000.000,12000000.000,-6000000.000,3000000.000,-9000000.000,0.000,6000000.000,8000000.000,-1000000.000,,,
OtherComprehensiveIncomeUnrealizedHoldingGainLossOnSecuritiesArisingDuringPeriodBeforeTax,,,,,1000000.000,-1000000.000,-5000000.000,0.000,,,,,,,,,,,,,,,,,,
OtherComprehensiveIncomeUnrealizedHoldingGainLossOnSecuritiesArisingDuringPeriodNetOfTax,1000000.000,-1000000.000,,,1000000.000,-1000000.000,-3000000.000,0.000,,,,,,,,,,,,,,,,,,
OtherComprehensiveIncomeUnrealizedHoldingGainLossOnSecuritiesArisingDuringPeriodTax,,,,,0.000,0.000,-2000000.000,0.000,,,,,,,,,,,,,,,,,,
OtherCostAndExpenseOperating,,,,,,,,,,941000000.000,990000000.000,,797000000.000,825000000.000,839000000.000,-1394000000.000,283000000.000,349000000.000,91000000.000,-264000000.000,185000000.000,143000000.000,176000000.000,182000000.000,204000000.000,176000000.000
OtherNonoperatingIncomeExpense,,,,,,,,,,,,,,,,,,,,,,,,,,-21000000.000
PaymentsForProceedsFromDerivativeInstrumentInvestingActivities,,,,,87000000.000,,,,47000000.000,,,,-15000000.000,,,,-442000000.000,,,,78000000.000,,,,15000000.000,
PaymentsForProceedsFromOtherInvestingActivities,21000000.000,,,,18000000.000,,,,3000000.000,,,,-4000000.000,,,,-3000000.000,,,,12000000.000,,,,46000000.000,
PaymentsForRepurchaseOfCommonStock,272000000.000,,,,400000000.000,,,,1000000000.000,,,,,,,,282000000.000,,,,0.000,,,,,
PaymentsOfOrdinaryDividends,383000000.000,,,,386000000.000,,,,405000000.000,,,,420000000.000,,,,429000000.000,,,,334000000.000,,,,331000000.000,
PaymentsToAcquireEquityMethodInvestments,12000000.000,,,,2000000.000,,,,18000000.000,,,,22000000.000,,,,45000000.000,,,,1000000.000,,,,22000000.000,
PaymentsToAcquireMarketableSecurities,,,,,,,,,,,,,,,,,125000000.000,,,,95000000.000,,,,2073000000.000,
PaymentsToAcquirePropertyPlantAndEquipment,323000000.000,,,,301000000.000,,,,321000000.000,,,,320000000.000,,,,565000000.000,,,,357000000.000,,,,330000000.000,
PaymentsToMinorityShareholders,,,,,,447000000.000,,,,,,,,,,,,,,,,,,,,
PensionContributions,-105000000.000,,,,614000000.000,,,,110000000.000,,,,101000000.000,,,,124000000.000,,,,88000000.000,,,,82000000.000,
ProceedsFromDivestitureOfBusinesses,,,,,,,,,4815000000.000,,,,0.000,,,,16000000.000,,,,,,,,,
ProceedsFromIssuanceOfLongTermDebt,,,,,,,,,,,,,,,,,120000000.000,,,,654000000.000,,,,197000000.000,
ProceedsFromPaymentsForOtherFinancingActivities,-12000000.000,,,,-36000000.000,,,,61000000.000,,,,-14000000.000,,,,-1000000.000,,,,-12000000.000,,,,-32000000.000,
ProceedsFromRepaymentsOfDebt,1991000000.000,,,,2278000000.000,,,,1558000000.000,,,,-1127000000.000,,,,980000000.000,,,,665000000.000,,,,1681000000.000,
ProceedsFromSaleAndMaturityOfMarketableSecurities,,,,,,,,,,,,,,,,,125000000.000,,,,377000000.000,,,,868000000.000,
ProceedsFromSaleOfAvailableForSaleSecurities,,,,,,,,,,,,,,,,,,,,,260000000.000,205000000.000,161000000.000,162000000.000,,
ProceedsFromSaleOfProductiveAssets,,,,,,,,,,,,,7000000.000,,,,,,,,,,,,,
ProceedsFromSalesOfAssetsInvestingActivities,,,,,,,,,,,,,,,,,9000000.000,,,,,,,,,
ProceedsFromStockOptionsExercised,605000000.000,,,,389000000.000,,,,117000000.000,,,,153000000.000,,,,170000000.000,,,,51000000.000,,,,160000000.000,
ProfitLoss,1444000000.000,1229000000.000,460000000.000,377000000.000,1500000000.000,1188000000.000,13000000.000,112000000.000,3355000000.000,1034000000.000,288000000.000,185000000.000,1445000000.000,1074000000.000,434000000.000,683000000.000,1035000000.000,945000000.000,235000000.000,-256000000.000,1232000000.000,1024000000.000,6000000.000,263000000.000,1121000000.000,869000000.000
ReclassificationFromAccumulatedOtherComprehensiveIncomeCurrentPeriodNetOfTax,,,,,,,,,,,,,-86000000.000,,,,-120000000.000,,,,-115000000.000,,,,122000000.000,
RepaymentsOfLongTermDebt,,,,,,,,,,,,,,,,,1409000000.000,,,,361000000.000,,,,34000000.000,
ResearchAndDevelopmentExpense,399000000.000,462000000.000,557000000.000,538000000.000,505000000.000,528000000.000,506000000.000,528000000.000,521000000.000,542000000.000,540000000.000,550000000.000,518000000.000,545000000.000,514000000.000,490000000.000,499000000.000,515000000.000,441000000.000,443000000.000,418000000.000,432000000.000,410000000.000,381000000.000,416000000.000,441000000.000
RestructuringAndRelatedCostIncurredCost,,,,,,,,,,,,,,206000000.000,,,,,,,,,,,,
RestructuringCharges,,,36000000.000,,,,,,,,,,,,,,,,,,,,,,,
RevenueFromRelatedParties,,,,,,,,,,,78000000.000,,81000000.000,77000000.000,69000000.000,,69000000.000,65000000.000,,,,,,,,
Revenues,10034000000.000,10264000000.000,9238000000.000,8425000000.000,11230000000.000,11006000000.000,7390000000.000,5186000000.000,10408000000.000,9844000000.000,7813000000.000,7747000000.000,10209000000.000,9783000000.000,7580000000.000,7378000000.000,9241000000.000,8660000000.000,4873000000.000,2490000000.000,7405000000.000,7061000000.000,4917000000.000,5211000000.000,7743000000.000,7424000000.000
RevenuesFromTransactionsWithOtherOperatingSegmentsOfSameEntity,,104000000.000,98000000.000,,115000000.000,105000000.000,90000000.000,,86000000.000,81000000.000,,,,,,,,,,,,,,,,
RoyaltyRevenue,31000000.000,35000000.000,30000000.000,98000000.000,41000000.000,25000000.000,21000000.000,90000000.000,,,,,,,,,,,,,,,,,,
SalesRevenueNet,10034000000.000,10264000000.000,9238000000.000,8425000000.000,11230000000.000,11006000000.000,7390000000.000,5186000000.000,10408000000.000,9844000000.000,7735000000.000,7747000000.000,10128000000.000,9706000000.000,7511000000.000,7378000000.000,9172000000.000,8595000000.000,4873000000.000,2490000000.000,7405000000.000,7061000000.000,4917000000.000,5211000000.000,7743000000.000,7424000000.000
SegmentReportingEntityConsolidatedRevenue,10034000000.000,,,,,,,,,,,,,,,,,,,,,,,,,
SegmentReportingInformationRevenue,,10368000000.000,9336000000.000,,11345000000.000,11111000000.000,7480000000.000,,10494000000.000,9925000000.000,,,,,,,,,,,,,,,,
SegmentReportingReconcilingItemForOperatingProfitLossFromSegmentToConsolidatedAmount,-143000000.000,,,,,,,,,,,,,,,,,,,,,,,,,
SegmentReportingReconcilingItemsRevenue,103000000.000,,,,,,,,,,,,,,,,,,,,,,,,,
SegmentReportingSegmentOperatingProfitLoss,2125000000.000,,,,,,,,,,,,,,,,,,,,,,,,,
SegmentReportingSegmentRevenue,10137000000.000,,,,,,,,,,,,,,,,,,,,,,,,,
SellingGeneralAndAdministrativeExpense,1027000000.000,1136000000.000,1014000000.000,993000000.000,1169000000.000,1186000000.000,772000000.000,440000000.000,983000000.000,983000000.000,774000000.000,814000000.000,925000000.000,948000000.000,756000000.000,2715000000.000,1312000000.000,1371000000.000,1046000000.000,886000000.000,1128000000.000,1211000000.000,1016000000.000,964000000.000,1260000000.000,1348000000.000
StockIssuedDuringPeriodValueShareBasedCompensation,597000000.000,207000000.000,85000000.000,125000000.000,,,,,,,,,,,,,,,,,,,,,,
StockRepurchasedAndRetiredDuringPeriodShares,,,,,,7800000.000,,,,,,,,,,,,,,,,,,,,
StockRepurchasedDuringPeriodValue,272000000.000,,400000000.000,,,,,,,,,,,,,,,,,,,,,,,
SubsequentEventAmount,,,,,,,-75000000.000,,,,,,,,,,,,,,,,,,,
TradingActivityGainsAndLossesNet,,-20000000.000,-22000000.000,,,,,,,,,,,,,,,,,,,,,,,
TreasuryStockRetiredCostMethodAmount,,,0.000,,,,,,,,,,,,,,,,,,,,,,,
WeightedAverageNumberOfDilutedSharesOutstanding,940909000.000,943987000.000,943485000.000,-1887352000.000,944238000.000,942832000.000,940526000.000,-1885399000.000,,,,,,,917761000.000,,913819000.000,911681000.000,891286000.000,-1817259000.000,877251000.000,879179000.000,879391000.000,-1758785000.000,871083000.000,872750000.000
WeightedAverageNumberOfSharesOutstandingBasic,924897000.000,930798000.000,932356000.000,-1859634000.000,933910000.000,934057000.000,931737000.000,-1866429000.000,,,,,,,910764000.000,,906835000.000,905761000.000,887275000.000,-1805879000.000,873546000.000,875013000.000,874292000.000,-1750291000.000,866516000.000,868481000.000
