,2011-03-31,2011-06-30,2011-09-30,2011-12-31,2012-03-31,2012-06-30,2012-09-30,2012-12-31,2013-03-31,2013-06-30,2013-09-30,2013-12-31,2014-03-31,2014-06-30,2014-09-30,2014-12-31,2015-03-31,2015-06-30,2015-09-30,2015-12-31,2016-03-31,2016-06-30,2016-09-30,2016-12-31,2017-03-31
AdjustmentsToAdditionalPaidInCapitalSharebasedCompensationRequisiteServicePeriodRecognitionValue,,,,,,,,,,,,,,,,,,,,,,,,,8195000.000
AllocatedShareBasedCompensationExpense,,,,,5625000.000,,,,6253000.000,,,,8509000.000,,,,7239000.000,,,,6935000.000,7054000.000,6345000.000,5992000.000,8195000.000
AntidilutiveSecuritiesExcludedFromComputationOfEarningsPerShareAmount,,,3984927.000,,66813.000,160000.000,0.000,-226813.000,0.000,12692.000,0.000,-12692.000,3513.000,0.000,0.000,-3513.000,605188.000,0.000,0.000,-605188.000,1489562.000,0.000,0.000,-1489562.000,625855.000
AvailableForSaleSecuritiesGrossRealizedGains,,,,,5162000.000,,,,991000.000,,,,,,,,,,,,,,,,
AvailableForSaleSecuritiesGrossRealizedLosses,,,,,114000.000,,,,776000.000,,,,,,,,,,,,,,,,
BenefitsLossesAndExpenses,673460000.000,658806000.000,638419000.000,651050000.000,727688000.000,699415000.000,688309000.000,708111000.000,785153000.000,757555000.000,741939000.000,724165000.000,826633000.000,797225000.000,777437000.000,784533000.000,842100000.000,845306000.000,782015000.000,530457000.000,782179000.000,792540000.000,788312000.000,799363000.000,831840000.000
CashAndCashEquivalentsPeriodIncreaseDecrease,-82006000.000,,,,-5811000.000,,,,-36454000.000,,,,3073000.000,,,,-62933000.000,,,,-48625000.000,,,,-14409000.000
CashProvidedByUsedInOperatingActivitiesDiscontinuedOperations,,,,,,,,,,,,,,,,,,,,,,,,,26850000.000
CommonStockDividendsPerShareDeclared,0.160,0.110,0.120,0.070,0.120,0.150,0.150,0.180,0.170,0.170,0.170,0.170,0.190,0.130,0.130,0.060,0.140,0.140,0.140,0.120,0.140,0.140,0.140,0.140,0.150
ComprehensiveIncomeNetOfTax,138332000.000,246447000.000,529393000.000,130178000.000,70051000.000,362077000.000,357183000.000,115372000.000,44387000.000,-382229000.000,35365000.000,116655000.000,527933000.000,412839000.000,127265000.000,261373000.000,289837000.000,-483212000.000,89896000.000,-134926000.000,427561000.000,592111000.000,305538000.000,-429804000.000,278832000.000
DeferredPolicyAcquisitionCostAmortizationExpense,107788000.000,106752000.000,104804000.000,105437000.000,96498000.000,96601000.000,94016000.000,98052000.000,101714000.000,102488000.000,98444000.000,100743000.000,104733000.000,104561000.000,103834000.000,105644000.000,111263000.000,112904000.000,112523000.000,108935000.000,118806000.000,117245000.000,116821000.000,116191000.000,125908000.000
DeferredPolicyAcquisitionCostsAdditions,,,,,130921000.000,,,,,,,,,,,,,,,,,,16000000.000,,
DefinedBenefitPlanAmortizationOfNetGainsLosses,,,,,,,,,-3972000.000,,,,,,,,,,,,,,,,
DefinedBenefitPlanAmortizationOfPriorServiceCostCredit,,,,,,,,,-571000.000,,,,,,,,,,,,,,,,
DefinedBenefitPlanContributionsByEmployer,,,,,375000.000,,,,0.000,,,,0.000,,,,20000000.000,,,,0.000,,,,0.000
DiscontinuedOperationGainLossFromDisposalOfDiscontinuedOperationBeforeIncomeTax,,,,,,,,,,,,,,,,,,,,,,,613000.000,,1800000.000
DiscontinuedOperationGainLossOnDisposalOfDiscontinuedOperationNetOfTax,-599000.000,0.000,144000.000,0.000,0.000,0.000,0.000,0.000,,,,,,,,,,,,,,,399000.000,,1200000.000
DiscontinuedOperationIncomeLossFromDiscontinuedOperationBeforeIncomeTax,,,,,,,,,,,,,,,,,,,,,-14679000.000,-1331000.000,,,
DiscontinuedOperationIncomeLossFromDiscontinuedOperationDuringPhaseOutPeriodBeforeIncomeTax,,,,,,,,,,,,,,,,,,,,,,,14709000.000,,-5595000.000
DiscontinuedOperationIncomeLossFromDiscontinuedOperationDuringPhaseOutPeriodNetOfTax,0.000,0.000,0.000,0.000,,,,,,,,,,,,,,,,,,,,,
DiscontinuedOperationTaxEffectOfDiscontinuedOperation,,,,,,,,,,,,,,,,,,,,,-5138000.000,-466000.000,5363000.000,,-1958000.000
DisposalGroupIncludingDiscontinuedOperationOtherExpense,,,,,,,,,,,,,,,,,,,,,1780000.000,1510000.000,1222000.000,,611000.000
DisposalGroupIncludingDiscontinuedOperationRevenue,,,,,,,,,,,,,,,,,,,,,54699000.000,56774000.000,53632000.000,,-224000.000
DividendsCommonStock,,,,,,,,,,,,,,,,,,,,,,,,,17567000.000
EarningsPerShareBasic,1.360,1.340,1.310,0.770,1.190,1.330,1.370,1.590,1.280,1.450,1.450,1.580,1.500,1.000,1.020,0.630,0.960,1.010,1.170,1.070,1.020,1.150,1.270,1.140,1.130
EarningsPerShareDiluted,1.330,1.320,1.300,0.770,1.170,1.320,1.360,1.560,1.270,1.440,1.430,1.540,1.480,0.980,1.000,0.630,0.950,1.000,1.150,1.060,1.010,1.130,1.250,1.100,1.110
EffectOfExchangeRateOnCashAndCashEquivalents,-3455000.000,,,,-2576000.000,,,,3985000.000,,,,7628000.000,,,,6754000.000,,,,-5797000.000,,,,2825000.000
EffectiveIncomeTaxRateContinuingOperations,,,0.311,,0.303,0.308,0.308,-0.610,,,,,,,,,,,,,0.317,0.300,0.296,-0.612,
EffectiveIncomeTaxRateReconciliationAtFederalStatutoryIncomeTaxRate,,0.350,0.350,,0.350,0.350,0.350,-0.700,,,,,,,,,,,,,0.350,0.350,0.350,-0.700,
EffectiveIncomeTaxRateReconciliationOtherAdjustments,,-0.005,0.002,,0.001,0.002,0.000,-0.002,,,,,,,,,,,,,0.001,-0.004,0.000,0.002,
EffectiveIncomeTaxRateReconciliationTaxExemptIncome,,-0.004,-0.005,,-0.005,-0.005,-0.004,0.010,,,,,,,,,,,,,,,,,
ExcessTaxBenefitFromShareBasedCompensationFinancingActivities,5665000.000,,,,9273000.000,,,,5892000.000,,,,4366000.000,,,,4952000.000,,,,0.000,,,,
FairValueMeasurementWithUnobservableInputsReconciliationRecurringBasisAssetGainLossIncludedInEarnings1,,,,,,,,,,,,,-15925.000,,,,0.000,,,,0.000,,,,0.000
FairValueMeasurementWithUnobservableInputsReconciliationRecurringBasisAssetPurchases,,,,,,,,,,,,,33791.000,,,,8000000.000,,,,15800000.000,,,,35666000.000
FairValueMeasurementWithUnobservableInputsReconciliationRecurringBasisAssetSales,,,,,,,,,,,,,16050.000,,,,0.000,,,,0.000,,,,0.000
FairValueMeasurementWithUnobservableInputsReconciliationRecurringBasisAssetTransfersNet,,,,,,,,,,,,,0.000,,,,0.000,,,,0.000,,,,0.000
FairValueMeasurementWithUnobservableInputsReconciliationRecurringBasisGainLossIncludedInOtherComprehensiveIncomeLoss,,,,,,,,,,,,,-20055.000,,,,22182000.000,,,,5970000.000,,,,11365000.000
GainLossOnInvestmentsExcludingOtherThanTemporaryImpairments,,,,,,,,,-1229000.000,5913000.000,4459000.000,1525000.000,16619000.000,577000.000,-1483000.000,7835000.000,119000.000,2613000.000,5140000.000,-16663000.000,293000.000,4005000.000,3482000.000,-18463000.000,-5748000.000
GeneralAndAdministrativeExpense,,,,,40570000.000,,,,43935000.000,,,,46704000.000,,,,47200000.000,,,,48468000.000,48413000.000,49505000.000,50765000.000,51913000.000
GrossProfit,,,,,165229000.000,,,,176970000.000,,,,173868000.000,,,,180313000.000,,,,195155000.000,195339000.000,197979000.000,194445000.000,197489000.000
ImpairmentOfInvestments,0.000,0.000,0.000,20000.000,,,,,2678000.000,0.000,0.000,0.000,0.000,0.000,0.000,0.000,,,,,,,,,
IncomeLossFromContinuingOperations,106132000.000,148940000.000,136911000.000,126357000.000,118677000.000,128988000.000,130672000.000,150987000.000,,,,,,,,,,,,,133574000.000,139294000.000,141910000.000,124812000.000,137178000.000
IncomeLossFromContinuingOperationsBeforeIncomeTaxesMinorityInterestAndIncomeLossFromEquityMethodInvestments,155812000.000,218528000.000,198822000.000,182504000.000,170235000.000,186380000.000,188791000.000,220587000.000,173063000.000,192784000.000,190850000.000,206429000.000,190487000.000,186758000.000,189564000.000,211659000.000,180432000.000,188388000.000,216744000.000,180623000.000,195448000.000,199344000.000,201461000.000,175982000.000,191741000.000
IncomeLossFromContinuingOperationsPerBasicShare,1.370,1.340,1.310,0.770,1.190,1.330,1.370,1.590,,,,,,,,,,,,,1.100,1.160,1.190,1.050,1.160
IncomeLossFromContinuingOperationsPerDilutedShare,1.340,1.320,1.300,0.760,1.170,1.320,1.360,1.560,,,,,,,,,,,,,1.080,1.130,1.160,1.040,1.140
IncomeLossFromDiscontinuedOperationsNetOfTaxAttributableToReportingEntity,-599000.000,0.000,144000.000,0.000,,,,,,,,,,,,,,,,,-9541000.000,-865000.000,9959000.000,10636000.000,-3637000.000
IncomeLossFromDiscontinuedOperationsNetOfTaxPerBasicShare,-0.010,0.000,0.000,0.000,0.000,0.000,0.000,0.000,,,,,,,,,,,,,-0.080,-0.010,0.080,0.090,-0.030
IncomeLossFromDiscontinuedOperationsNetOfTaxPerDilutedShare,-0.010,0.000,0.000,0.010,0.000,0.000,0.000,0.000,,,,,,,,,,,,,-0.070,0.000,0.090,0.060,-0.030
IncomeTaxExpenseBenefit,49680000.000,69588000.000,61911000.000,56147000.000,51558000.000,57392000.000,58119000.000,69600000.000,53431000.000,58883000.000,58728000.000,63612000.000,57631000.000,55835000.000,57152000.000,64911000.000,58784000.000,61278000.000,71358000.000,58474000.000,61874000.000,60050000.000,59551000.000,51170000.000,54563000.000
IncomeTaxReconciliationIncomeTaxExpenseBenefitAtFederalStatutoryIncomeTaxRate,,76485000.000,69588000.000,,59582000.000,65233000.000,66077000.000,77206000.000,,,,,,,,,,,,,68407000.000,69770000.000,70511000.000,61594000.000,
IncomeTaxReconciliationOtherAdjustments,,-990000.000,295000.000,,146000.000,360000.000,-12000.000,460000.000,,,,,,,,,,,,,267000.000,-697000.000,-107000.000,-245000.000,
InterestExpense,19460000.000,19411000.000,19510000.000,19527000.000,19671000.000,19649000.000,19843000.000,21349000.000,20877000.000,20828000.000,19676000.000,19080000.000,19049000.000,19037000.000,19033000.000,19007000.000,19060000.000,19114000.000,19246000.000,19222000.000,19369000.000,23110000.000,20381000.000,20485000.000,20699000.000
InterestIncomeSecuritiesTaxExempt,,847000.000,906000.000,,924000.000,869000.000,796000.000,917000.000,,,,,,,,,,,,,,,,,
LiabilityForUnpaidClaimsAndClaimsAdjustmentExpenseClaimsPaidCurrentYear1,,,,,,,,,,,,,,,,,,,,,,,,,54241000.000
LiabilityForUnpaidClaimsAndClaimsAdjustmentExpenseClaimsPaidPriorYears1,,,,,,,,,,,,,,,,,,,,,,,,,77555000.000
LiabilityForUnpaidClaimsAndClaimsAdjustmentExpenseIncurredClaims1,,,,,,,,,,,,,,,,,,,,,,,,,131353000.000
LitigationSettlementExpense,,,,,,,,,,,,,2493000.000,,,,,,,,,,,,
MarketableSecuritiesUnrealizedGainLoss,46478000.000,145508000.000,603951000.000,32076000.000,-81195000.000,358181000.000,340983000.000,4119000.000,-124003000.000,,,,,,,,,,,,,,,,
NetCashProvidedByUsedInDiscontinuedOperations,,,,,,,,,,,,,,,,,,,,,14061000.000,,,,
NetCashProvidedByUsedInFinancingActivities,-203001000.000,,,,-91867000.000,,,,-62967000.000,,,,-103867000.000,,,,-105089000.000,,,,-48592000.000,,,,-67252000.000
NetCashProvidedByUsedInFinancingActivitiesContinuingOperations,-203001000.000,,,,-91867000.000,,,,-62967000.000,,,,-103867000.000,,,,-105089000.000,,,,-48592000.000,,,,-67252000.000
NetCashProvidedByUsedInInvestingActivities,-175597000.000,,,,-195415000.000,,,,-267846000.000,,,,-175538000.000,,,,-244327000.000,,,,-331984000.000,,,,-410738000.000
NetCashProvidedByUsedInInvestingActivitiesContinuingOperations,-175597000.000,,,,-195415000.000,,,,-267846000.000,,,,-175538000.000,,,,-244327000.000,,,,-331984000.000,,,,-410738000.000
NetCashProvidedByUsedInOperatingActivities,300047000.000,,,,284047000.000,,,,290374000.000,,,,274850000.000,,,,279729000.000,,,,337748000.000,,,,460756000.000
NetCashProvidedByUsedInOperatingActivitiesContinuingOperations,300047000.000,,,,284047000.000,,,,290374000.000,,,,274850000.000,,,,279729000.000,,,,337748000.000,,,,460756000.000
NetChangeAnnuitiesAndInvestmentCertificates,-6976000.000,,,,6415000.000,,,,-6705000.000,,,,-17181000.000,,,,-15558000.000,,,,-17641000.000,,,,-21174000.000
NetIncomeLoss,105533000.000,148940000.000,137055000.000,126357000.000,118677000.000,128988000.000,130672000.000,150987000.000,119632000.000,133901000.000,132122000.000,142817000.000,132856000.000,130923000.000,132412000.000,146748000.000,121648000.000,127110000.000,145386000.000,132956000.000,124033000.000,138429000.000,151869000.000,135448000.000,133541000.000
NetInvestmentIncome,171647000.000,173104000.000,173491000.000,174786000.000,174121000.000,175176000.000,169400000.000,174947000.000,176839000.000,177964000.000,176656000.000,178284000.000,181000000.000,182877000.000,182101000.000,183229000.000,191596000.000,194823000.000,193213000.000,194319000.000,197053000.000,201642000.000,202720000.000,205488000.000,208282000.000
NonoperatingIncomeExpense,,,,,19827000.000,,,,12680000.000,,,,22769000.000,,,,18484000.000,,,,0.000,0.000,-257000.000,4605000.000,0.000
OciBeforeReclassificationsNetOfTaxAttributableToParent,,,,,,,,,,,,,,,,,,,,,,,,,144227000.000
OperatingIncomeLoss,,,,,190649000.000,,,,195851000.000,,,,203688000.000,,,,198797000.000,,,,195155000.000,195339000.000,198236000.000,198536000.000,197489000.000
OtherComprehensiveIncomeAvailableForSaleSecuritiesAdjustmentBeforeTaxPeriodIncreaseDecrease,47855000.000,150494000.000,635809000.000,22168000.000,-90448000.000,,,,,,,,,,,,,,,,,,,,
OtherComprehensiveIncomeAvailableForSaleSecuritiesAdjustmentNetOfTaxPeriodIncreaseDecrease,30212000.000,94579000.000,392569000.000,20847000.000,-52776000.000,,,,,,,,,,,,,,,,,,,,
OtherComprehensiveIncomeAvailableForSaleSecuritiesTax,-16266000.000,-50929000.000,-211382000.000,-11229000.000,28419000.000,,,,,,,,,,,,,,,,,,,,
OtherComprehensiveIncomeDefinedBenefitPlansAdjustmentBeforeTaxPeriodIncreaseDecrease,,3042000.000,3041000.000,,3506000.000,,,,,,,,,,,,,,,,,,,,
OtherComprehensiveIncomeDefinedBenefitPlansAdjustmentNetOfTaxPeriodIncreaseDecrease,,1979000.000,1977000.000,,2279000.000,,,,,,,,,,,,,,,,,,,,
OtherComprehensiveIncomeDefinedBenefitPlansTax,,-1063000.000,-1064000.000,,-1227000.000,,,,,,,,,,,,,,,,,,,,
OtherComprehensiveIncomeForeignCurrencyTransactionAndTranslationAdjustmentBeforeTaxPeriodIncreaseDecrease,937000.000,1461000.000,-3397000.000,-2428000.000,2878000.000,,,,,,,,,,,,,,,,,,,,
OtherComprehensiveIncomeForeignCurrencyTransactionAndTranslationAdjustmentNetOfTaxPeriodIncreaseDecrease,611000.000,949000.000,-2208000.000,-2021000.000,1871000.000,,,,,,,,,,,,,,,,,,,,
OtherComprehensiveIncomeForeignCurrencyTranslationAdjustmentTax,-326000.000,-512000.000,1189000.000,407000.000,-1007000.000,,,,,,,,,,,,,,,,,,,,
OtherComprehensiveIncomeLossAmortizationAdjustmentFromAOCIPensionAndOtherPostretirementBenefitPlansForNetPriorServiceCostCreditBeforeTax,,,,,,,,,,,,,,,,,,,,,,,2551000.000,,
OtherComprehensiveIncomeLossAvailableForSaleSecuritiesAdjustmentBeforeTax,,,,,,359849000.000,340388000.000,,-123230000.000,-801473000.000,-160380000.000,-98569000.000,,,,,,,,,,692615000.000,233086000.000,,215066000.000
OtherComprehensiveIncomeLossAvailableForSaleSecuritiesAdjustmentNetOfTax,,,,,,232816000.000,221639000.000,,-79370000.000,-520994000.000,-104230000.000,-63577000.000,396890000.000,279929000.000,-2702000.000,159960000.000,171245000.000,-611545000.000,-52927000.000,-264713000.000,302004000.000,450214000.000,151503000.000,-543740000.000,139743000.000
OtherComprehensiveIncomeLossAvailableForSaleSecuritiesTax,,,,,,125365000.000,119344000.000,,-44633000.000,-280479000.000,-56150000.000,-34219000.000,213667000.000,150683000.000,-1478000.000,86113000.000,92131000.000,-328996000.000,-28690000.000,-142537000.000,162589000.000,242401000.000,81583000.000,-292753000.000,75323000.000
OtherComprehensiveIncomeLossBeforeReclassificationsNetOfTax,,,,,,,,,,-514224000.000,-95867000.000,,405653000.000,282124000.000,-6105000.000,119169000.000,166988000.000,-610696000.000,-53238000.000,-280076000.000,302959000.000,,,,
OtherComprehensiveIncomeLossForeignCurrencyTransactionAndTranslationAdjustmentBeforeTax,,,,,,-2966000.000,3707000.000,,-1033000.000,-4803000.000,4138000.000,-1264000.000,-1177000.000,3185000.000,-6650000.000,-6128000.000,-8691000.000,-4845000.000,-9031000.000,1916000.000,1760000.000,5382000.000,120000.000,-5084000.000,4214000.000
OtherComprehensiveIncomeLossForeignCurrencyTransactionAndTranslationAdjustmentNetOfTax,,,,,,-2070000.000,2553000.000,,-749000.000,-3077000.000,2814000.000,-730000.000,-738000.000,1996000.000,-4566000.000,-4172000.000,-5962000.000,-3071000.000,-5867000.000,1141000.000,1220000.000,3484000.000,104000.000,-3468000.000,3786000.000
OtherComprehensiveIncomeLossForeignCurrencyTranslationAdjustmentTax,,,,,,-896000.000,1154000.000,,-284000.000,-1726000.000,1324000.000,-534000.000,-439000.000,1189000.000,-2084000.000,-1956000.000,-2729000.000,-1774000.000,-3164000.000,775000.000,540000.000,1898000.000,16000.000,-1616000.000,428000.000
OtherComprehensiveIncomeLossNetOfTax,,,,,,233089000.000,226511000.000,,-75245000.000,-516130000.000,-96757000.000,-26162000.000,395077000.000,281916000.000,-5147000.000,114625000.000,168189000.000,-610322000.000,-55490000.000,-267882000.000,303528000.000,,,,
OtherComprehensiveIncomeLossNetOfTaxPeriodIncreaseDecrease,32799000.000,97507000.000,392338000.000,3821000.000,-48626000.000,,,,,,,,,,,,,,,,,,,,
OtherComprehensiveIncomeLossNetOfTaxPortionAttributableToParent,,,,,,,,,,,,,,,,,,,,,,453682000.000,153669000.000,,145291000.000
OtherComprehensiveIncomeLossPensionAndOtherPostretirementBenefitPlansAdjustmentBeforeTax,,,,,,-3603000.000,-3569000.000,,4543000.000,-4608000.000,-4605000.000,-65992000.000,,-3031000.000,-2571000.000,,-3820000.000,-3653000.000,-3646000.000,10269000.000,,,-2551000.000,,-3480000.000
OtherComprehensiveIncomeLossPensionAndOtherPostretirementBenefitPlansAdjustmentNetOfTax,,,,,,-2343000.000,-2319000.000,,2952000.000,-2997000.000,-2992000.000,-42893000.000,-1673000.000,-1970000.000,-1671000.000,41410000.000,-2482000.000,-2375000.000,-2370000.000,6676000.000,-2104000.000,-1727000.000,-1657000.000,19615000.000,-2262000.000
OtherComprehensiveIncomeLossPensionAndOtherPostretirementBenefitPlansNetUnamortizedGainLossArisingDuringPeriodBeforeTax,,,,,,,,,,,,,,,,,,,,,,,0.000,,371000.000
OtherComprehensiveIncomeLossPensionAndOtherPostretirementBenefitPlansTax,,,,,,-1260000.000,-1250000.000,,-1591000.000,-1611000.000,-1613000.000,-19917000.000,-901000.000,-1061000.000,-900000.000,22298000.000,-1338000.000,-1278000.000,-1276000.000,3593000.000,,,-894000.000,,-1218000.000
OtherComprehensiveIncomeLossReclassificationAdjustmentForSaleOfSecuritiesIncludedInNetIncomeBeforeTax,,,,,,-4659000.000,-6900000.000,,2561000.000,,,,,,,,,,,,,,,,
OtherComprehensiveIncomeLossReclassificationAdjustmentFromAOCIForSaleOfSecuritiesBeforeTax,,,,,,,,,,5912000.000,4520000.000,,,,,,,,,,,,,,
OtherComprehensiveIncomeLossReclassificationAdjustmentFromAOCIPensionAndOtherPostretirementBenefitPlansBeforeTax,,,,,,,,,,,,,2574000.000,,,,,,,,3238000.000,2656000.000,,,3109000.000
OtherComprehensiveIncomeLossReclassificationAdjustmentFromAOCIPensionAndOtherPostretirementBenefitPlansTax,,,,,,,,,,,,,,,,,,,,,1134000.000,929000.000,,,
OtherComprehensiveIncomeReclassificationAdjustmentForSaleOfSecuritiesIncludedInNetIncomeBeforeTax,-22728000.000,31299000.000,12981000.000,6219000.000,5050000.000,,,,,,,,,,,,,,,,,,,,
OtherComprehensiveIncomeReclassificationAdjustmentForWriteDownOfSecuritiesIncludedInNetIncomeBeforeTax,0.000,,,,,,,,,,,,,,,,,,,,,,,,
OtherComprehensiveIncomeUnrealizedHoldingGainLossOnSecuritiesArisingDuringPeriodBeforeTax,29435000.000,180776000.000,642719000.000,29537000.000,-81631000.000,360468000.000,352906000.000,26211000.000,-129121000.000,-796807000.000,-152039000.000,,,,,,,,,,,,,,
OtherCostAndExpenseOperating,50187000.000,46514000.000,45268000.000,59667000.000,48116000.000,47758000.000,48433000.000,53869000.000,52308000.000,55292000.000,53245000.000,53845000.000,56956000.000,56400000.000,55402000.000,53896000.000,56612000.000,56977000.000,57779000.000,52490000.000,57429000.000,57846000.000,57805000.000,58984000.000,62341000.000
OtherIncome,447000.000,608000.000,625000.000,471000.000,321000.000,376000.000,557000.000,323000.000,470000.000,611000.000,676000.000,174000.000,481000.000,663000.000,668000.000,309000.000,669000.000,691000.000,692000.000,133000.000,421000.000,382000.000,160000.000,412000.000,416000.000
OtherPremiumRevenueNet,138000.000,160000.000,140000.000,170000.000,153000.000,126000.000,161000.000,119000.000,130000.000,,,,,,,,,,,,,,,,
PaymentsForLossesAndLossAdjustmentExpense,,,,,,,,,,,,,,,,,,,,,,,,,131796000.000
PaymentsForProceedsFromPolicyLoans,,,,,,,,,3961000.000,,,,3085000.000,,,,2608000.000,,,,4378000.000,,,,2599000.000
PaymentsForProceedsFromRealEstatePartnershipInvestmentNet,6861000.000,,,,21595000.000,,,,,,,,,,,,,,,,,,,,
PaymentsForProceedsFromShortTermInvestments,54337000.000,,,,34734000.000,,,,81390000.000,,,,32175000.000,,,,76006000.000,,,,89905000.000,,,,48950000.000
PaymentsForRepurchaseOfCommonStock,235913000.000,,,,189949000.000,,,,129239000.000,,,,125635000.000,,,,110619000.000,,,,85089000.000,,,,113719000.000
PaymentsOfDividends,12508000.000,,,,12087000.000,,,,14136000.000,,,,15219000.000,,,,16210000.000,,,,16524000.000,,,,16503000.000
PaymentsToAcquireAvailableForSaleSecuritiesDebt,231217000.000,,,,231370000.000,,,,340891000.000,,,,158344000.000,,,,291798000.000,,,,287204000.000,,,,461324000.000
PaymentsToAcquireInvestments,235244000.000,,,,235025000.000,,,,340936000.000,,,,158364000.000,,,,291817000.000,,,,287848000.000,,,,461324000.000
PaymentsToAcquireOtherInvestments,4027000.000,,,,3655000.000,,,,45000.000,,,,20000.000,,,,19000.000,,,,644000.000,,,,0.000
PaymentsToAcquirePropertyPlantAndEquipment,761000.000,,,,479000.000,,,,855000.000,,,,5075000.000,,,,6080000.000,,,,3879000.000,,,,3978000.000
PolicyholderBenefitsAndClaimsIncurredHealthCare,175270000.000,166423000.000,147910000.000,142217000.000,211092000.000,181037000.000,172130000.000,175282000.000,236127000.000,202861000.000,199983000.000,178716000.000,255718000.000,220554000.000,196901000.000,202460000.000,242151000.000,235175000.000,175496000.000,-50212000.000,152775000.000,153261000.000,153351000.000,153338000.000,157751000.000
PolicyholderBenefitsAndClaimsIncurredLifeAndAnnuity,,,,,,,,,,,,,,,,,,,,,362860000.000,369342000.000,369546000.000,,391079000.000
PolicyholderBenefitsAndClaimsIncurredNet,464127000.000,454694000.000,438774000.000,435681000.000,512647000.000,484807000.000,479119000.000,479109000.000,552003000.000,524499000.000,516783000.000,495561000.000,586517000.000,555207000.000,535532000.000,541944000.000,591897000.000,592293000.000,527340000.000,304682000.000,524973000.000,531485000.000,532152000.000,540138000.000,557776000.000
PolicyholderBenefitsAndClaimsIncurredOther,10518000.000,10424000.000,10692000.000,10913000.000,10867000.000,10986000.000,11144000.000,11124000.000,10735000.000,10789000.000,10869000.000,10909000.000,10623000.000,10461000.000,10515000.000,10406000.000,10045000.000,9754000.000,9648000.000,9547000.000,9338000.000,8882000.000,9255000.000,9276000.000,8946000.000
PremiumsEarnedNet,679901000.000,672350000.000,650525000.000,653542000.000,718475000.000,705582000.000,699860000.000,732545000.000,784814000.000,765851000.000,750998000.000,750611000.000,819020000.000,799866000.000,785715000.000,804819000.000,830148000.000,835567000.000,799714000.000,533291000.000,779860000.000,785855000.000,783411000.000,787908000.000,820631000.000
PremiumsEarnedNetAccidentAndHealth,249106000.000,238617000.000,220458000.000,221285000.000,266444000.000,254506000.000,246000000.000,280429000.000,313871000.000,290584000.000,279948000.000,282007000.000,329863000.000,307791000.000,293879000.000,311187000.000,316765000.000,315492000.000,280744000.000,12519000.000,235697000.000,237252000.000,236987000.000,237727000.000,244791000.000
PremiumsEarnedNetLife,430657000.000,433573000.000,429927000.000,432087000.000,451878000.000,450950000.000,453699000.000,451997000.000,470813000.000,475110000.000,470936000.000,468473000.000,489058000.000,491952000.000,491724000.000,493566000.000,513342000.000,520038000.000,518929000.000,520756000.000,544151000.000,548590000.000,546415000.000,550177000.000,575837000.000
PremiumsEarnedNetOtherInsurance,,,,,,,,,,157000.000,114000.000,,99000.000,123000.000,112000.000,66000.000,41000.000,37000.000,41000.000,16000.000,12000.000,13000.000,9000.000,4000.000,3000.000
ProceedsFromIssuanceOfCommonStock,,,,,,,,,,,,,,,,,,,,,3763000.000,,,,22225000.000
ProceedsFromMaturitiesPrepaymentsAndCallsOfAvailableForSaleSecurities,103149000.000,,,,29441000.000,,,,150541000.000,,,,22288000.000,,,,127554000.000,,,,44622000.000,,,,108899000.000
ProceedsFromRepaymentsOfShortTermDebt,1560000.000,,,,42000.000,,,,49825000.000,,,,35848000.000,,,,20523000.000,,,,66899000.000,,,,61919000.000
ProceedsFromSaleAndMaturityOfOtherInvestments,535000.000,,,,502000.000,,,,14119000.000,,,,68000.000,,,,51000.000,,,,8000.000,,,,3071000.000
ProceedsFromSaleMaturityAndCollectionsOfInvestments,118736000.000,,,,84976000.000,,,,211021000.000,,,,39105000.000,,,,139049000.000,,,,58961000.000,,,,111970000.000
ProceedsFromSaleOfAvailableForSaleSecuritiesDebt,15052000.000,,,,55033000.000,,,,46361000.000,,,,16049000.000,,,,11444000.000,,,,14331000.000,,,,0.000
ProceedsFromSaleOfAvailableForSaleSecuritiesEquity,,,,,,,,,,,,,700000.000,,,,0.000,,,,,,,,
ProceedsFromSaleOfHeldToMaturitySecurities,,,,,55033000.000,,,,46361000.000,,,,,,,,,,,,,,,,
ProceedsFromSaleOfOtherProductiveAssets,,,,,,,,,,,,,,,,,,,,,,,,,18000.000
ProceedsFromSaleOfPropertyPlantAndEquipment,37000.000,,,,19000.000,,,,200000.000,,,,0.000,,,,,,,,,,,,
ProceedsFromStockOptionsExercised,45171000.000,,,,94439000.000,,,,31396000.000,,,,13954000.000,,,,11823000.000,,,,,,,,
RealizedInvestmentGainsLosses,-22723000.000,31272000.000,12600000.000,4775000.000,5006000.000,4661000.000,7283000.000,20883000.000,-3907000.000,,,,16619000.000,,,,119000.000,,,,293000.000,4005000.000,3482000.000,-18463000.000,-5748000.000
ReclassificationFromAccumulatedOtherComprehensiveIncomeCurrentPeriodNetOfTax,,,,,,,,,,1906000.000,890000.000,,10576000.000,208000.000,-958000.000,4544000.000,-1201000.000,-374000.000,2252000.000,-12194000.000,-569000.000,,,,
ReclassificationFromAociCurrentPeriodNetOfTaxAttributableToParent,,,,,,,,,,,,,,,,,,,,,,1714000.000,1229000.000,,-1064000.000
Revenues,829272000.000,877334000.000,837241000.000,833554000.000,897923000.000,885795000.000,877100000.000,928698000.000,958216000.000,950339000.000,932789000.000,930594000.000,1017120000.000,983983000.000,967001000.000,996192000.000,1022532000.000,1033694000.000,998759000.000,711080000.000,977627000.000,991884000.000,989773000.000,975345000.000,1023581000.000
SalesRevenueNet,679901000.000,672350000.000,650525000.000,653522000.000,718475000.000,705582000.000,699860000.000,732545000.000,784814000.000,771764000.000,755457000.000,752136000.000,819020000.000,800443000.000,784232000.000,812654000.000,830148000.000,838180000.000,804854000.000,516628000.000,779860000.000,785855000.000,783411000.000,787908000.000,820631000.000
StockIssuedDuringPeriodValueStockOptionsExercised,,,,,,,,,,,,,,,,,,,,,,,,,22225000.000
TreasuryStockValueAcquiredCostMethod,,,,,,,,,,,,,,,,,,,,,,,,,113719000.000
WeightedAverageNumberDilutedSharesOutstandingAdjustment,,1821074.000,532720.000,,1191932.000,929700.000,1216279.000,-2053722.000,989132.000,1101901.000,1404205.000,-2217305.000,1248050.000,1823640.000,1907303.000,-3060487.000,1465751.000,1622698.000,1682313.000,-3108155.000,1831938.000,2267910.000,2430121.000,-4163375.000,2659242.000
WeightedAverageNumberOfDilutedSharesOutstanding,,112831208.000,105312142.000,,101260292.000,97826001.000,96342122.000,-197530027.000,94569910.000,93297269.000,92673374.000,-187498030.000,90023693.000,133314822.000,131877205.000,-222575476.000,128586852.000,127439641.000,126140309.000,-255409567.000,123312743.000,122747848.000,121910763.000,-245603569.000,120429716.000
WeightedAverageNumberOfSharesOutstandingBasic,,111010134.000,104779422.000,,100068360.000,96896301.000,95125843.000,-195476305.000,93580778.000,92195368.000,91269169.000,-185280725.000,88775643.000,131491182.000,129969902.000,-219514989.000,127121101.000,125816943.000,124457996.000,-252301412.000,121480805.000,120479938.000,119480642.000,-241440194.000,117770474.000
