,2011-06-30,2011-09-30,2012-03-31,2012-06-30,2012-09-30,2012-12-31,2013-03-31,2013-06-30,2013-09-30,2013-12-31,2014-03-31,2014-06-30,2014-09-30,2014-12-31,2015-03-31,2015-06-30,2015-09-30,2015-12-31,2016-03-31,2016-06-30,2016-09-30,2016-12-31,2017-03-31
AdjustmentsToAdditionalPaidInCapitalTaxEffectFromShareBasedCompensation,,,,,,,,,,,,,,,,,,,,,,,21000000.000
AllowanceForLoanAndLeaseLossRecoveryOfBadDebts,,,,,,,,,58000000.000,,63000000.000,72000000.000,52000000.000,52000000.000,65000000.000,75000000.000,70000000.000,73000000.000,84000000.000,85000000.000,90000000.000,82000000.000,97000000.000
AllowanceForLoanAndLeaseLossesAdjustmentsNet,,,,,,,,,0.000,,20000000.000,-1000000.000,11000000.000,121000000.000,10000000.000,-1000000.000,6000000.000,6000000.000,18000000.000,8000000.000,,,-7000000.000
AllowanceForLoanAndLeaseLossesProvisionForLossNet,,,,-88000000.000,-125000000.000,,-114000000.000,-103000000.000,,,,,,,,,,,,,,,
AllowanceForLoanAndLeaseLossesWriteOffs,,,,,,,,,184000000.000,,196000000.000,157000000.000,201000000.000,222000000.000,215000000.000,175000000.000,231000000.000,271000000.000,263000000.000,237000000.000,303000000.000,339000000.000,350000000.000
AllowanceForLoanAndLeaseLossesWriteoffsNet,,,,,,,,,126000000.000,,133000000.000,85000000.000,149000000.000,170000000.000,150000000.000,100000000.000,161000000.000,198000000.000,179000000.000,152000000.000,213000000.000,257000000.000,253000000.000
AmortizationOfDebtDiscountPremium,,,,100000000.000,79000000.000,,,,,,,,,,,,,,,,,,
AmortizationOfDeferredHedgeGains,,,,61000000.000,57000000.000,,38000000.000,38000000.000,112000000.000,59000000.000,45000000.000,37000000.000,38000000.000,35000000.000,28000000.000,16000000.000,14000000.000,15000000.000,18000000.000,21000000.000,,,
AmortizationOfIntangibleAssets,,,,,,,,,,,,,,,,,,,,,,,3000000.000
AncillaryFeeIncomeGeneratedByServicingFinancialAssetsAmount,,,,18000000.000,3000000.000,,4000000.000,0.000,0.000,0.000,0.000,0.000,0.000,0.000,,,,,,,,,
AntidilutiveSecuritiesExcludedFromComputationOfEarningsPerShareAmount,,,,574000.000,574000.000,,574000.000,574000.000,574000.000,-1434000.000,,,,,,,,,,,,,
AvailableForSaleSecuritiesContinuousUnrealizedLossPosition12MonthsOrLongerAggregateLosses,,,,,,,,,,,28000000.000,,,,92000000.000,,,,105000000.000,,,,103000000.000
AvailableForSaleSecuritiesContinuousUnrealizedLossPositionLessThan12MonthsAggregateLosses,,,,,,,,,,,331000000.000,,,,46000000.000,,,,72000000.000,,,,311000000.000
AvailableForSaleSecuritiesGrossRealizedGainLossNet,,,,,,,,,41000000.000,,43000000.000,41000000.000,45000000.000,,55000000.000,45000000.000,6000000.000,,54000000.000,39000000.000,52000000.000,40000000.000,
AvailableForSaleSecuritiesGrossRealizedGains,,,,70000000.000,55000000.000,,70000000.000,67000000.000,59000000.000,25000000.000,60000000.000,42000000.000,48000000.000,59000000.000,60000000.000,46000000.000,28000000.000,50000000.000,54000000.000,40000000.000,52000000.000,41000000.000,27000000.000
AvailableForSaleSecuritiesGrossRealizedLosses,,,,4000000.000,18000000.000,,11000000.000,3000000.000,7000000.000,0.000,7000000.000,1000000.000,3000000.000,3000000.000,3000000.000,0.000,11000000.000,1000000.000,0.000,1000000.000,0.000,1000000.000,
AvailableForSaleSecuritiesGrossUnrealizedGains,,,,,,,,,,,160000000.000,,,,251000000.000,,,,211000000.000,,,,71000000.000
AvailableForSaleSecuritiesGrossUnrealizedLoss,,,,,,,,,,,359000000.000,,,,138000000.000,,,,177000000.000,,,,414000000.000
AvailableforsaleSecuritiesGrossRealizedGainLossExcludingOtherThanTemporaryImpairments,92000000.000,75000000.000,90000000.000,66000000.000,-19000000.000,9000000.000,51000000.000,64000000.000,41000000.000,24000000.000,43000000.000,41000000.000,45000000.000,52000000.000,55000000.000,45000000.000,6000000.000,49000000.000,54000000.000,39000000.000,52000000.000,40000000.000,27000000.000
CashAndCashEquivalentsPeriodIncreaseDecrease,,,-1000000.000,,,,,,,,362000000.000,,,,2060000000.000,,,,-1379000000.000,,,,-1632000000.000
ChangeInUnrealizedGainLossOnFairValueHedgingInstruments,,,,-329000000.000,-387000000.000,,,,,,,,,,,,,,,,,,
CommonStockDividendsPerShareDeclared,,,,,,,,,,,,,,,,,,,,,0.080,,0.080
CommunicationsAndInformationTechnology,,,,109000000.000,86000000.000,,71000000.000,92000000.000,87000000.000,96000000.000,85000000.000,93000000.000,77000000.000,79000000.000,69000000.000,64000000.000,65000000.000,69000000.000,66000000.000,67000000.000,70000000.000,71000000.000,69000000.000
ComprehensiveIncomeNetOfTax,,,497000000.000,-1104000000.000,602000000.000,1425000000.000,776000000.000,-1108000000.000,95000000.000,11000000.000,319000000.000,412000000.000,368000000.000,261000000.000,607000000.000,34000000.000,329000000.000,154000000.000,396000000.000,480000000.000,205000000.000,-124000000.000,234000000.000
ContractuallySpecifiedServicingFeesAmount,,,,160000000.000,59000000.000,,58000000.000,3000000.000,0.000,1000000.000,0.000,0.000,0.000,0.000,,,,,,,,,
ContractuallySpecifiedServicingFeesLateFeesAndAncillaryFeesEarnedInExchangeForServicingFinancialAssets,,,,186000000.000,65000000.000,,63000000.000,3000000.000,0.000,2000000.000,0.000,0.000,0.000,0.000,,,12000000.000,,13000000.000,18000000.000,18000000.000,15000000.000,16000000.000
CumulativeTranslationAdjustmentNetOfTaxPeriodIncreaseDecrease,,,,-343000000.000,317000000.000,,-519000000.000,-20000000.000,9000000.000,-52000000.000,-19000000.000,-8000000.000,-10000000.000,-4000000.000,-43000000.000,3000000.000,-16000000.000,-3000000.000,11000000.000,0.000,2000000.000,-9000000.000,3000000.000
DepreciationAmortizationAndAccretionNet,,,568000000.000,,,,657000000.000,,,,738000000.000,,,,759000000.000,,,,653000000.000,,,,534000000.000
DepreciationNonproduction,,,,24000000.000,24000000.000,,20000000.000,21000000.000,20000000.000,20000000.000,19000000.000,19000000.000,23000000.000,20000000.000,20000000.000,22000000.000,20000000.000,20000000.000,21000000.000,21000000.000,19000000.000,23000000.000,22000000.000
DerivativeInstrumentsNotDesignatedAsHedgingInstrumentsGainLossNet,,,,,,,,,,,,,,,,,-1000000.000,,-5000000.000,-4000000.000,,,
DiscontinuedOperationGainLossFromDisposalOfDiscontinuedOperationBeforeIncomeTax,,,,,,,888000000.000,,,,0.000,,,,452000000.000,,,,0.000,,,,
DiscontinuedOperationTaxEffectOfDiscontinuedOperation,,,,,,,,,,,,,,,,,,,,,,,0.000
DisposalGroupIncludingDiscontinuedOperationOperatingIncomeLoss,,,,,,,,,,,,,,,,,,,,,,,1000000.000
DividendIncomeOperating,,,,7000000.000,6000000.000,,5000000.000,7000000.000,6000000.000,7000000.000,5000000.000,7000000.000,6000000.000,2000000.000,5000000.000,6000000.000,7000000.000,5000000.000,4000000.000,5000000.000,4000000.000,4000000.000,2000000.000
Dividends,,,,,,,,,,,,,,,,,,,,,0.080,,
DividendsCommonStockCash,,,,,,,,,,,,,,,,,,,,,,,38000000.000
DividendsPreferredStockCash,,,,,,,,,,,,,,,67000000.000,1251000000.000,38000000.000,,15000000.000,15000000.000,0.000,0.000,0.000
EarningsPerShareBasic,-59.000,-308.000,82.000,-825.000,137.000,902.000,671.000,-847.000,-82.000,-251.000,0.330,0.540,0.740,0.220,1.060,-2.220,0.480,-1.980,0.490,0.710,0.430,0.520,0.460
EarningsPerShareDiluted,-59.000,-308.000,82.000,-825.000,137.000,902.000,671.000,-847.000,-82.000,-251.000,0.330,0.540,0.740,0.220,1.060,-2.220,0.470,-1.970,0.490,0.710,0.430,0.520,0.460
EffectOfExchangeRateOnCashAndCashEquivalents,,,-141000000.000,,,,67000000.000,,,,-1000000.000,,,,-1000000.000,,,,2000000.000,,,,0.000
EmployeeBenefitsAndShareBasedCompensation,,,,,,,,,,,,,,,-10000000.000,,,,-17000000.000,,,,
FairValueAssetsMeasuredOnRecurringBasisChangeInUnrealizedGainLoss,,,,,,,,,47000000.000,,0.000,0.000,0.000,1000000.000,0.000,1000000.000,0.000,-1000000.000,0.000,0.000,0.000,0.000,0.000
FairValueMeasurementWithUnobservableInputsReconciliationRecurringBasisAssetGainLossIncludedInEarnings,,,,-47000000.000,-212000000.000,,,,,,,,,,,,,,,,,,
FairValueMeasurementWithUnobservableInputsReconciliationRecurringBasisAssetGainLossIncludedInEarnings1,,,,,,,-131000000.000,-17000000.000,55000000.000,-26000000.000,1000000.000,4000000.000,4000000.000,4000000.000,3000000.000,5000000.000,1000000.000,1000000.000,2000000.000,1000000.000,1000000.000,0.000,0.000
FairValueMeasurementWithUnobservableInputsReconciliationRecurringBasisAssetGainLossIncludedInOtherComprehensiveIncome,,,,0.000,1000000.000,,,,,,,,,,,,,,,,,,
FairValueMeasurementWithUnobservableInputsReconciliationRecurringBasisAssetGainLossIncludedInOtherComprehensiveIncomeLoss,,,,,,,0.000,0.000,0.000,0.000,0.000,0.000,0.000,0.000,0.000,0.000,0.000,0.000,0.000,0.000,0.000,0.000,0.000
FairValueMeasurementWithUnobservableInputsReconciliationRecurringBasisAssetIssues,,,,42000000.000,50000000.000,,54000000.000,6000000.000,0.000,0.000,0.000,0.000,0.000,0.000,1000000.000,0.000,1000000.000,24000000.000,0.000,0.000,0.000,0.000,0.000
FairValueMeasurementWithUnobservableInputsReconciliationRecurringBasisAssetPurchases,,,,3000000.000,0.000,,0.000,0.000,0.000,0.000,0.000,0.000,0.000,0.000,0.000,0.000,0.000,0.000,0.000,0.000,0.000,0.000,3000000.000
FairValueMeasurementWithUnobservableInputsReconciliationRecurringBasisAssetSales,,,,245000000.000,11000000.000,,0.000,911000000.000,0.000,0.000,0.000,0.000,0.000,0.000,0.000,0.000,4000000.000,0.000,-4000000.000,-2000000.000,-2000000.000,-1000000.000,-2000000.000
FairValueMeasurementWithUnobservableInputsReconciliationRecurringBasisAssetSettlements,,,,307000000.000,41000000.000,,13000000.000,24000000.000,-8000000.000,42000000.000,19000000.000,14000000.000,17000000.000,18000000.000,9000000.000,14000000.000,5000000.000,14000000.000,15000000.000,3000000.000,2000000.000,4000000.000,2000000.000
FairValueMeasurementWithUnobservableInputsReconciliationRecurringBasisAssetTransfersOutOfLevel3,,,,,,,,,,,-3000000.000,0.000,0.000,6000000.000,0.000,0.000,0.000,0.000,,,,,
FairValueMeasurementWithUnobservableInputsReconciliationRecurringBasisLiabilityGainLossIncludedInEarnings,,,,-32000000.000,,,,,,,,,,,,,,,,,,,
FairValueMeasurementWithUnobservableInputsReconciliationRecurringBasisLiabilityGainLossIncludedInOtherComprehensiveIncome,,,,0.000,,,,,,,,,,,,,,,,,,,
FairValueMeasurementWithUnobservableInputsReconciliationRecurringBasisLiabilityIssues,,,,0.000,,,,,,,,,,,,,,,,,,,
FairValueMeasurementWithUnobservableInputsReconciliationRecurringBasisLiabilityPurchases,,,,2000000.000,,,,,,,,,,,,,,,,,,,
FairValueMeasurementWithUnobservableInputsReconciliationRecurringBasisLiabilitySales,,,,0.000,,,,,,,,,,,,,,,,,,,
FairValueMeasurementWithUnobservableInputsReconciliationRecurringBasisLiabilitySettlements,,,,306000000.000,,,,,,,,,,,,,,,,,,,
FairValueOptionChangesInFairValueGainLoss,,,,79000000.000,,,,,,,,,,,,,,,,,,,
FederalDepositInsuranceCorporationPremiumExpense,,,,33000000.000,33000000.000,,33000000.000,29000000.000,25000000.000,29000000.000,27000000.000,19000000.000,23000000.000,18000000.000,21000000.000,20000000.000,18000000.000,20000000.000,21000000.000,21000000.000,26000000.000,26000000.000,27000000.000
FeesAndCommissionsMortgageBanking,,,,113000000.000,105000000.000,,79000000.000,2000000.000,0.000,0.000,0.000,0.000,0.000,0.000,,,,,,,,,
FeesAndCommissionsOther,,,,32000000.000,33000000.000,,23000000.000,23000000.000,25000000.000,23000000.000,23000000.000,20000000.000,23000000.000,22000000.000,22000000.000,21000000.000,23000000.000,24000000.000,25000000.000,22000000.000,25000000.000,26000000.000,27000000.000
FinancingReceivableAllowanceForCreditLossesProvisions,,,,29000000.000,116000000.000,,,,,,,,,,,,,,,,,,
FinancingReceivableAllowanceForCreditLossesRecoveries,,,,-86000000.000,-69000000.000,,,,,,,,,,,,,,,,,,
FinancingReceivableAllowanceForCreditLossesRecovery,,,,,,,53000000.000,63000000.000,,,,,,,,,,,,,,,
FinancingReceivableAllowanceForCreditLossesWriteOffs,,,,174000000.000,194000000.000,,167000000.000,166000000.000,,,,,,,,,,,,,,,
FinancingReceivableModificationsNumberOfContracts2,,,,,,,,,4735.000,,5583.000,4056.000,4398.000,3876.000,4095.000,4172.000,4667.000,4494.000,5654.000,4795.000,4464.000,5442.000,6502.000
FinancingReceivableModificationsPostModificationRecordedInvestment2,,,,,,,,,128000000.000,,187000000.000,74000000.000,69000000.000,2000000.000,59000000.000,75000000.000,103000000.000,68000000.000,81000000.000,73000000.000,64000000.000,103000000.000,134000000.000
FinancingReceivableModificationsPreModificationRecordedInvestment2,,,,,,,,,141000000.000,,204000000.000,82000000.000,79000000.000,-3000000.000,70000000.000,86000000.000,112000000.000,80000000.000,94000000.000,84000000.000,76000000.000,121000000.000,150000000.000
FinancingReceivableModificationsSubsequentDefaultNumberOfContracts1,,,,,,,,,1566.000,,1616.000,1619.000,1795.000,2114.000,1585.000,1502.000,1744.000,2015.000,,,,,
FinancingReceivableModificationsSubsequentDefaultRecordedInvestment1,,,,,,,,,21000000.000,,21000000.000,20000000.000,23000000.000,28000000.000,19000000.000,18000000.000,22000000.000,24000000.000,,,,,
FinancingReceivableSignificantPurchases,,,,,,,,,,,,,83000000.000,,654000000.000,1996000000.000,1262000000.000,485000000.000,1370000000.000,1018000000.000,467000000.000,913000000.000,395000000.000
FinancingReceivableSignificantSales,,,,,,,,,,,40000000.000,0.000,1562000000.000,3029000000.000,,,,,,,,,
FinancingReceivablesImpairedTroubledDebtRestructuringWriteDown,,,,,,,,,9000000.000,,10000000.000,11000000.000,12000000.000,15000000.000,11000000.000,10000000.000,12000000.000,14000000.000,,,,,
ForeclosedRealEstateExpense,,,,90000000.000,,,,,,,,,,,,,,,,,,,
GainLossOnDerivativeInstrumentsNetPretax,,,,270000000.000,302000000.000,,-75000000.000,-7000000.000,64000000.000,23000000.000,2000000.000,-5000000.000,-88000000.000,-48000000.000,-143000000.000,16000000.000,-5000000.000,11000000.000,-9000000.000,0.000,0.000,2000000.000,-1000000.000
GainLossOnForeignCurrencyDerivativeInstrumentsNotDesignatedAsHedgingInstruments,,,,45000000.000,-90000000.000,,67000000.000,-19000000.000,48000000.000,22000000.000,-5000000.000,-4000000.000,-100000000.000,-51000000.000,-132000000.000,2000000.000,0.000,3000000.000,-5000000.000,0.000,,,
GainLossOnInterestRateDerivativeInstrumentsNotDesignatedAsHedgingInstruments,,,,215000000.000,408000000.000,,-145000000.000,2000000.000,20000000.000,-12000000.000,-8000000.000,-11000000.000,-5000000.000,-13000000.000,-14000000.000,5000000.000,-2000000.000,-8000000.000,2000000.000,1000000.000,,,
GainLossOnSalesOfLoansNet,115000000.000,83000000.000,126000000.000,134000000.000,141000000.000,131000000.000,38000000.000,-1000000.000,15000000.000,3000000.000,0.000,6000000.000,0.000,1000000.000,46000000.000,1000000.000,-2000000.000,0.000,1000000.000,3000000.000,0.000,7000000.000,14000000.000
GainsLossesOnExtinguishmentOfDebt,-25000000.000,,0.000,0.000,0.000,-148000000.000,,,-42000000.000,,-39000000.000,-7000000.000,0.000,-156000000.000,-198000000.000,-156000000.000,0.000,-3000000.000,-4000000.000,0.000,0.000,-1000000.000,-1000000.000
HeldToMaturitySecuritiesUnrecognizedHoldingGains,,,,,,,,,,,,,,,,,,,,,,,2000000.000
HeldToMaturitySecuritiesUnrecognizedHoldingLosses,,,,,,,,,,,,,,,,,,,,,,,43000000.000
ImpairedFinancingReceivableAverageRecordedInvestment,,,,1050000000.000,1133000000.000,,1403000000.000,1483000000.000,1475000000.000,-2922000000.000,1411000000.000,1364000000.000,1297000000.000,-2756000000.000,679000000.000,621000000.000,643000000.000,-1289000000.000,,706000000.000,717000000.000,,749000000.000
ImpairedFinancingReceivableInterestIncomeAccrualMethod,,,,20000000.000,18000000.000,,14000000.000,15000000.000,14000000.000,13000000.000,13000000.000,16000000.000,12000000.000,-4000000.000,9000000.000,8000000.000,7000000.000,5000000.000,,7000000.000,7000000.000,,7000000.000
IncomeLossFromContinuingOperations,110000000.000,-210000000.000,302000000.000,-864000000.000,390000000.000,701000000.000,60000000.000,100000000.000,177000000.000,79000000.000,198000000.000,283000000.000,293000000.000,151000000.000,179000000.000,169000000.000,273000000.000,276000000.000,247000000.000,357000000.000,261000000.000,246000000.000,213000000.000
IncomeLossFromContinuingOperationsBeforeIncomeTaxesMinorityInterestAndIncomeLossFromEquityMethodInvestments,192000000.000,-123000000.000,366000000.000,-849000000.000,483000000.000,-755000000.000,-63000000.000,140000000.000,205000000.000,75000000.000,292000000.000,347000000.000,420000000.000,187000000.000,282000000.000,263000000.000,417000000.000,431000000.000,397000000.000,413000000.000,391000000.000,380000000.000,326000000.000
IncomeLossFromContinuingOperationsPerBasicShare,-61.000,-308.000,76.000,-800.000,142.000,377.000,-105.000,-75.000,-18.000,-270.000,0.270,0.450,0.470,0.170,0.230,-2.240,0.490,-1.950,0.480,0.700,0.540,0.530,0.460
IncomeLossFromContinuingOperationsPerDilutedShare,-61.000,-308.000,76.000,-800.000,142.000,377.000,-105.000,-75.000,-18.000,-270.000,0.270,0.450,0.470,0.170,0.230,-2.240,0.490,-1.950,0.480,0.700,0.540,0.520,0.460
IncomeLossFromDiscontinuedOperationsNetOfTax,3000000.000,,8000000.000,,,,,,,,,,,,,,,,,,,,
IncomeLossFromDiscontinuedOperationsNetOfTaxAttributableToReportingEntity,,,,-34000000.000,-6000000.000,,1033000000.000,-1027000000.000,-86000000.000,25000000.000,29000000.000,40000000.000,130000000.000,26000000.000,397000000.000,13000000.000,-5000000.000,-13000000.000,3000000.000,3000000.000,-52000000.000,2000000.000,1000000.000
IncomeLossFromDiscontinuedOperationsNetOfTaxPerBasicShare,2.000,,6.000,-25.000,-5.000,525.000,776.000,-772.000,-64.000,19.000,0.060,0.090,0.270,0.050,0.820,0.030,-0.010,-0.030,0.010,0.010,-0.110,0.000,0.000
IncomeLossFromDiscontinuedOperationsNetOfTaxPerDilutedShare,2.000,,6.000,-25.000,-5.000,525.000,776.000,-772.000,-64.000,19.000,0.060,0.090,0.270,0.050,0.820,0.030,-0.010,-0.030,0.010,0.010,-0.110,0.000,0.000
IncomeLossFromEquityMethodInvestments,,,,18000000.000,22000000.000,,,,,,,,,,33000000.000,4000000.000,11000000.000,,6000000.000,5000000.000,3000000.000,4000000.000,0.000
IncomeTaxExpenseBenefit,82000000.000,87000000.000,64000000.000,15000000.000,93000000.000,-1456000000.000,-123000000.000,40000000.000,28000000.000,-4000000.000,94000000.000,64000000.000,127000000.000,36000000.000,103000000.000,94000000.000,144000000.000,155000000.000,150000000.000,56000000.000,130000000.000,134000000.000,113000000.000
IncomeTaxesPaid,,,178000000.000,,,,37000000.000,,,,-6000000.000,,,,95000000.000,,,,0.000,,,,2000000.000
IncreaseDecreaseInDeferredIncomeTaxes,,,31000000.000,,,,-116000000.000,,,,68000000.000,,,,-165000000.000,,,,-147000000.000,,,,-91000000.000
IncreaseDecreaseInDeposits,,,1737000000.000,,,,2360000000.000,,,,2017000000.000,,,,2652000000.000,,,,3780000000.000,,,,5451000000.000
IncreaseDecreaseInInterestPayableNet,,,86000000.000,,,,44000000.000,,,,5000000.000,,,,-37000000.000,,,,24000000.000,,,,31000000.000
IncreaseDecreaseInOtherOperatingAssets,,,-755000000.000,,,,1329000000.000,,,,191000000.000,,,,-396000000.000,,,,-46000000.000,,,,-60000000.000
IncreaseDecreaseInOtherOperatingCapitalNet,,,-196000000.000,,,,485000000.000,,,,49000000.000,,,,165000000.000,,,,39000000.000,,,,-35000000.000
IncreaseDecreaseInOtherOperatingLiabilities,,,-865000000.000,,,,-1259000000.000,,,,-368000000.000,,,,-92000000.000,,,,-122000000.000,,,,-20000000.000
IncreaseDecreaseInRestrictedCash,,,,,,,-1067000000.000,,,,-1580000000.000,,,,121000000.000,,,,-48000000.000,,,,-355000000.000
IncreaseDecreaseInTradingSecurities,,,268000000.000,,,,0.000,,,,,,,,,,,,,,,,
InsuranceCommissions,,,,107000000.000,106000000.000,,92000000.000,93000000.000,93000000.000,92000000.000,90000000.000,93000000.000,95000000.000,96000000.000,93000000.000,95000000.000,95000000.000,95000000.000,94000000.000,97000000.000,99000000.000,99000000.000,99000000.000
InsuranceServicesRevenue,,,,,,,259000000.000,258000000.000,251000000.000,244000000.000,241000000.000,249000000.000,246000000.000,243000000.000,233000000.000,237000000.000,236000000.000,234000000.000,230000000.000,236000000.000,238000000.000,241000000.000,241000000.000
InterestAndDividendIncomeSecurities,,,,,,,,,,,,,,,,,,,,,,,134000000.000
InterestAndDividendIncomeSecuritiesAvailableForSale,108000000.000,103000000.000,84000000.000,86000000.000,73000000.000,49000000.000,68000000.000,76000000.000,85000000.000,96000000.000,95000000.000,93000000.000,94000000.000,85000000.000,88000000.000,93000000.000,102000000.000,98000000.000,102000000.000,99000000.000,101000000.000,116000000.000,134000000.000
InterestAndDividendIncomeSecuritiesTradingOrMeasuredAtFairValue,3000000.000,4000000.000,11000000.000,2000000.000,0.000,0.000,0.000,0.000,0.000,0.000,,,,,,,,,,,,,
InterestAndFeeIncomeLoansAndLeases,1676000000.000,1682000000.000,1678000000.000,1691000000.000,1651000000.000,-417000000.000,1135000000.000,1139000000.000,1119000000.000,1136000000.000,1107000000.000,1124000000.000,1114000000.000,1112000000.000,1074000000.000,1118000000.000,1166000000.000,1212000000.000,1235000000.000,1265000000.000,1307000000.000,1355000000.000,1368000000.000
InterestAndFeeIncomeLoansAndLeasesHeldForSale,98000000.000,113000000.000,73000000.000,36000000.000,22000000.000,24000000.000,16000000.000,3000000.000,0.000,1000000.000,0.000,1000000.000,0.000,0.000,24000000.000,14000000.000,2000000.000,0.000,0.000,0.000,0.000,0.000,
InterestExpense,1617000000.000,1579000000.000,1438000000.000,1312000000.000,1272000000.000,178000000.000,881000000.000,881000000.000,787000000.000,770000000.000,712000000.000,728000000.000,671000000.000,672000000.000,612000000.000,608000000.000,604000000.000,605000000.000,648000000.000,651000000.000,656000000.000,674000000.000,682000000.000
InterestExpenseDeposits,175000000.000,184000000.000,186000000.000,184000000.000,185000000.000,89000000.000,164000000.000,162000000.000,163000000.000,165000000.000,163000000.000,166000000.000,166000000.000,169000000.000,172000000.000,177000000.000,181000000.000,188000000.000,193000000.000,203000000.000,212000000.000,222000000.000,231000000.000
InterestExpenseLongTermDebt,1334000000.000,1297000000.000,1177000000.000,1068000000.000,1041000000.000,180000000.000,701000000.000,703000000.000,609000000.000,589000000.000,534000000.000,549000000.000,493000000.000,491000000.000,429000000.000,419000000.000,410000000.000,404000000.000,442000000.000,436000000.000,430000000.000,434000000.000,424000000.000
InterestExpenseRelatedParty,,,,,,,,,,,,,0.000,,0.000,0.000,0.000,0.000,0.000,0.000,0.000,0.000,0.000
InterestExpenseShortTermBorrowings,108000000.000,98000000.000,75000000.000,60000000.000,46000000.000,-91000000.000,16000000.000,16000000.000,15000000.000,16000000.000,15000000.000,13000000.000,12000000.000,12000000.000,11000000.000,12000000.000,13000000.000,13000000.000,13000000.000,12000000.000,14000000.000,18000000.000,27000000.000
InterestIncomeDepositsWithFinancialInstitutions,15000000.000,14000000.000,14000000.000,18000000.000,22000000.000,-28000000.000,3000000.000,2000000.000,3000000.000,2000000.000,3000000.000,1000000.000,2000000.000,2000000.000,2000000.000,2000000.000,2000000.000,2000000.000,3000000.000,4000000.000,3000000.000,4000000.000,5000000.000
InterestIncomeExpenseAfterProvisionForLoanLoss,,,,,,,,,600000000.000,,700000000.000,800000000.000,800000000.000,600000000.000,734000000.000,776000000.000,759000000.000,731000000.000,731000000.000,812000000.000,738000000.000,,708000000.000
InterestIncomeSecuritiesTaxable,,,,79000000.000,67000000.000,,63000000.000,69000000.000,79000000.000,86000000.000,86000000.000,83000000.000,87000000.000,80000000.000,80000000.000,82000000.000,90000000.000,88000000.000,94000000.000,89000000.000,93000000.000,99000000.000,119000000.000
InterestPaid,,,1218000000.000,,,,1026000000.000,,,,664000000.000,,,,641000000.000,,,,626000000.000,,,,648000000.000
LaborAndRelatedExpense,424000000.000,303000000.000,475000000.000,389000000.000,344000000.000,157000000.000,285000000.000,252000000.000,245000000.000,237000000.000,254000000.000,215000000.000,241000000.000,237000000.000,255000000.000,236000000.000,235000000.000,237000000.000,252000000.000,242000000.000,248000000.000,250000000.000,285000000.000
LateFeeIncomeGeneratedByServicingFinancialAssetsAmount,,,,8000000.000,3000000.000,,1000000.000,0.000,0.000,1000000.000,0.000,0.000,0.000,0.000,,,,,,,,,
LiabilityForUnpaidClaimsAndClaimsAdjustmentExpenseClaimsPaidCurrentYear1,,,,,,,,,,,,,,,,,,,,,,,45000000.000
LiabilityForUnpaidClaimsAndClaimsAdjustmentExpenseClaimsPaidPriorYears1,,,,,,,,,,,,,,,,,,,,,,,23000000.000
LiabilityForUnpaidClaimsAndClaimsAdjustmentExpenseForeignCurrencyTranslationGainLoss,,,,,,,,,,,,,,,,,,,,,,,2000000.000
LiabilityForUnpaidClaimsAndClaimsAdjustmentExpenseIncurredClaims1,,,,,,,,,,,,,,,,,,,,,,,88000000.000
MarketingAndAdvertisingExpense,,,,36000000.000,38000000.000,,35000000.000,28000000.000,33000000.000,40000000.000,29000000.000,25000000.000,27000000.000,30000000.000,31000000.000,23000000.000,26000000.000,27000000.000,27000000.000,21000000.000,27000000.000,37000000.000,30000000.000
NetCashProvidedByUsedInContinuingOperations,,,,,,,-1488000000.000,,,,,,,,,,,,,,,,
NetCashProvidedByUsedInDiscontinuedOperations,,,,,,,1412000000.000,,,,0.000,,,,,,,,,,,,
NetCashProvidedByUsedInFinancingActivities,,,2068000000.000,,,,-4514000000.000,,,,-2716000000.000,,,,1009000000.000,,,,-3220000000.000,,,,-2144000000.000
NetCashProvidedByUsedInFinancingActivitiesContinuingOperations,,,2068000000.000,,,,-4514000000.000,,,,-2716000000.000,,,,1009000000.000,,,,-3220000000.000,,,,-2144000000.000
NetCashProvidedByUsedInInvestingActivities,,,-4070000000.000,,,,705000000.000,,,,2147000000.000,,,,805000000.000,,,,651000000.000,,,,-663000000.000
NetCashProvidedByUsedInInvestingActivitiesContinuingOperations,,,-4070000000.000,,,,705000000.000,,,,2147000000.000,,,,805000000.000,,,,651000000.000,,,,-663000000.000
NetCashProvidedByUsedInOperatingActivities,,,2142000000.000,,,,2254000000.000,,,,932000000.000,,,,247000000.000,,,,1188000000.000,,,,1175000000.000
NetCashProvidedByUsedInOperatingActivitiesContinuingOperations,,,2142000000.000,,,,2254000000.000,,,,932000000.000,,,,247000000.000,,,,1188000000.000,,,,1175000000.000
NetCreditLossOnLoansManagedOrSecuritizedOrAssetbackedFinancingArrangement,,,,,,,,,-130000000.000,,136000000.000,86000000.000,150000000.000,172000000.000,151000000.000,101000000.000,162000000.000,200000000.000,181000000.000,155000000.000,216000000.000,260000000.000,257000000.000
NetCreditLossesDuringPeriodOnLoansManagedOrSecuritized,,,,628000000.000,98000000.000,,-115000000.000,-109000000.000,,,,,,,,,,,,,,,
NetIncomeLoss,113000000.000,-210000000.000,310000000.000,-898000000.000,384000000.000,1400000000.000,1093000000.000,-927000000.000,91000000.000,104000000.000,227000000.000,323000000.000,423000000.000,177000000.000,576000000.000,182000000.000,268000000.000,263000000.000,250000000.000,360000000.000,209000000.000,248000000.000,214000000.000
NetIncomeLossAvailableToCommonStockholdersBasic,-78000000.000,-410000000.000,109000000.000,-1099000000.000,183000000.000,1201000000.000,893000000.000,-1127000000.000,-110000000.000,-345000000.000,159000000.000,258000000.000,356000000.000,109000000.000,509000000.000,-1069000000.000,230000000.000,-952000000.000,235000000.000,345000000.000,209000000.000,248000000.000,214000000.000
NetInterestIncomeLossAfterProvisionForLoanLosses,,,,753000000.000,661000000.000,,500000000.000,500000000.000,,,,,,,,,,,,,,,
NoninterestExpense,1584000000.000,1265000000.000,1350000000.000,2530000000.000,1114000000.000,330000000.000,958000000.000,801000000.000,762000000.000,884000000.000,713000000.000,821000000.000,742000000.000,672000000.000,695000000.000,724000000.000,674000000.000,668000000.000,710000000.000,773000000.000,735000000.000,721000000.000,778000000.000
NoninterestIncome,,,,,,,,,371000000.000,,321000000.000,365000000.000,375000000.000,215000000.000,243000000.000,211000000.000,332000000.000,356000000.000,376000000.000,374000000.000,,,
NoninterestIncomeOther,1116000000.000,601000000.000,1187000000.000,928000000.000,936000000.000,-22000000.000,386000000.000,402000000.000,,,,,,,,,,,,,,,
NoninterestIncomeOtherOperatingIncome,253000000.000,141000000.000,277000000.000,226000000.000,225000000.000,19000000.000,157000000.000,74000000.000,93000000.000,59000000.000,67000000.000,69000000.000,78000000.000,66000000.000,97000000.000,74000000.000,80000000.000,63000000.000,82000000.000,96000000.000,98000000.000,118000000.000,115000000.000
NonoperatingIncomeExpense,,,,,,,,,,,,,,,,,,,,,388000000.000,,396000000.000
OccupancyNet,,,,21000000.000,17000000.000,,11000000.000,11000000.000,12000000.000,10000000.000,11000000.000,12000000.000,12000000.000,12000000.000,12000000.000,13000000.000,13000000.000,12000000.000,13000000.000,12000000.000,13000000.000,13000000.000,12000000.000
OperatingLeasesIncomeStatementDepreciationExpenseOnPropertySubjectToOrHeldForLease,192000000.000,296000000.000,293000000.000,318000000.000,358000000.000,430000000.000,435000000.000,499000000.000,515000000.000,546000000.000,542000000.000,509000000.000,549000000.000,633000000.000,622000000.000,563000000.000,528000000.000,536000000.000,510000000.000,434000000.000,408000000.000,417000000.000,389000000.000
OperatingLeasesIncomeStatementLeaseRevenue,620000000.000,549000000.000,540000000.000,579000000.000,639000000.000,621000000.000,734000000.000,788000000.000,832000000.000,855000000.000,870000000.000,884000000.000,899000000.000,905000000.000,896000000.000,860000000.000,830000000.000,812000000.000,769000000.000,701000000.000,649000000.000,592000000.000,543000000.000
OtherComprehensiveIncomeAvailableforsaleSecuritiesAdjustmentBeforeTaxPortionAttributableToParent,,,,,,,10000000.000,-470000000.000,5000000.000,-68000000.000,145000000.000,144000000.000,-60000000.000,147000000.000,83000000.000,-236000000.000,100000000.000,-167000000.000,226000000.000,146000000.000,-11000000.000,-533000000.000,24000000.000
OtherComprehensiveIncomeAvailableforsaleSecuritiesAdjustmentNetOfTaxPortionAttributableToParent,,,,,,,12000000.000,-347000000.000,12000000.000,-22000000.000,100000000.000,102000000.000,-54000000.000,100000000.000,52000000.000,-149000000.000,62000000.000,-103000000.000,142000000.000,120000000.000,-4000000.000,-372000000.000,21000000.000
OtherComprehensiveIncomeAvailableforsaleSecuritiesTaxPortionAttributableToParent,,,,,,,2000000.000,123000000.000,7000000.000,46000000.000,-45000000.000,-42000000.000,6000000.000,-47000000.000,-31000000.000,87000000.000,-38000000.000,64000000.000,-84000000.000,-26000000.000,-7000000.000,59000000.000,3000000.000
OtherComprehensiveIncomeDefinedBenefitPlansAdjustmentBeforeTaxPortionAttributableToParent,,,,,,,-19000000.000,-34000000.000,,,,,,,,,,,,,,,
OtherComprehensiveIncomeDefinedBenefitPlansAdjustmentNetOfTaxPortionAttributableToParent,,,,,,,-17000000.000,-25000000.000,,,0.000,,,,0.000,,,,1000000.000,,,,1000000.000
OtherComprehensiveIncomeDefinedBenefitPlansNetUnamortizedGainLossArisingDuringPeriodNetOfTax,,,,,,,,2000000.000,,,,,,,,,,,-1000000.000,,,,-1000000.000
OtherComprehensiveIncomeDefinedBenefitPlansNetUnamortizedGainLossArisingDuringPeriodTax,,,,,,,,0.000,,,,,,,,,,,0.000,,,,0.000
OtherComprehensiveIncomeDefinedBenefitPlansTaxPortionAttributableToParent,,,,,,,2000000.000,9000000.000,,,,,,,,,,,,,,,
OtherComprehensiveIncomeDerivativesQualifyingAsHedgesNetOfTaxPortionAttributableToParent,,,,,,,4000000.000,,,,0.000,,,,0.000,,,,0.000,,,,0.000
OtherComprehensiveIncomeForeignCurrencyTransactionAndTranslationAdjustmentBeforeTaxPortionAttributableToParent,,,,,,,-481000000.000,33000000.000,,,,-11000000.000,,,-62000000.000,3000000.000,-16000000.000,-6000000.000,,0.000,,,
OtherComprehensiveIncomeForeignCurrencyTransactionAndTranslationAdjustmentNetOfTaxPortionAttributableToParent,,,,,,,-482000000.000,55000000.000,,,,-11000000.000,,,-35000000.000,2000000.000,-11000000.000,-4000000.000,,0.000,,,
OtherComprehensiveIncomeForeignCurrencyTransactionAndTranslationGainLossArisingDuringPeriodNetOfTax,,,,,,,-47000000.000,-33000000.000,3000000.000,-3000000.000,-15000000.000,9000000.000,-7000000.000,-4000000.000,-13000000.000,3000000.000,-12000000.000,-4000000.000,8000000.000,-1000000.000,-1000000.000,-3000000.000,1000000.000
OtherComprehensiveIncomeForeignCurrencyTranslationAdjustmentTaxPortionAttributableToParent,,,,,,,-1000000.000,22000000.000,,,,0.000,,,27000000.000,-1000000.000,5000000.000,2000000.000,,0.000,,,
OtherComprehensiveIncomeLossBeforeTaxPortionAttributableToParent,,,,,,,-276000000.000,-242000000.000,-8000000.000,-46000000.000,134000000.000,131000000.000,-62000000.000,121000000.000,43000000.000,-235000000.000,99000000.000,-174000000.000,232000000.000,146000000.000,-11000000.000,-533000000.000,23000000.000
OtherComprehensiveIncomeLossForeignCurrencyTransactionAndTranslationAdjustmentBeforeTax,,,,,,,-49000000.000,-54000000.000,5000000.000,-6000000.000,-22000000.000,12000000.000,-11000000.000,-6000000.000,-20000000.000,4000000.000,-17000000.000,-6000000.000,13000000.000,-1000000.000,-2000000.000,-5000000.000,2000000.000
OtherComprehensiveIncomeLossForeignCurrencyTransactionAndTranslationAdjustmentNetOfTax,,,,,,,,,,,-8000000.000,,,,-21000000.000,,,,5000000.000,,,,0.000
OtherComprehensiveIncomeLossForeignCurrencyTransactionAndTranslationReclassificationAdjustmentFromAOCIRealizedUponSaleOrLiquidationBeforeTax,,,,,,,,,,,,23000000.000,,,42000000.000,1000000.000,-1000000.000,0.000,,-1000000.000,,,
OtherComprehensiveIncomeLossForeignCurrencyTransactionAndTranslationReclassificationAdjustmentFromAOCIRealizedUponSaleOrLiquidationNetOfTax,,,,,,,,,,,,20000000.000,,,22000000.000,1000000.000,-1000000.000,0.000,,-1000000.000,,,
OtherComprehensiveIncomeLossForeignCurrencyTransactionAndTranslationReclassificationAdjustmentFromAOCIRealizedUponSaleOrLiquidationTax,,,,,,,,,,,,-3000000.000,,,-20000000.000,0.000,0.000,0.000,,0.000,,,
OtherComprehensiveIncomeLossForeignCurrencyTransactionAndTranslationReclassificationAdjustmentRealizedUponSaleOrLiquidationBeforeTax,,,,,,,-432000000.000,87000000.000,,,,,,,,,,,,,,,
OtherComprehensiveIncomeLossForeignCurrencyTransactionAndTranslationReclassificationAdjustmentRealizedUponSaleOrLiquidationNetOfTax,,,,,,,-435000000.000,88000000.000,,,,,,,,,,,,,,,
OtherComprehensiveIncomeLossForeignCurrencyTranslationAdjustmentTax,,,,,,,2000000.000,21000000.000,-2000000.000,3000000.000,7000000.000,-3000000.000,4000000.000,2000000.000,7000000.000,-1000000.000,5000000.000,2000000.000,-5000000.000,0.000,-1000000.000,8000000.000,1000000.000
OtherComprehensiveIncomeLossForeignCurrencyTranslationReclassificationAdjustmentRealizedUponSaleOrLiquidationTax,,,,,,,-3000000.000,1000000.000,,,,,,,,,,,,,,,
OtherComprehensiveIncomeLossNetOfTax,,,,,,,-317000000.000,,,,92000000.000,,,,31000000.000,,,,146000000.000,,,,
OtherComprehensiveIncomeLossNetOfTaxPeriodIncreaseDecrease,,,187000000.000,,,,,,,,,,,,,,,,,,,,
OtherComprehensiveIncomeLossNetOfTaxPortionAttributableToParent,,,187000000.000,-206000000.000,218000000.000,25000000.000,-317000000.000,-181000000.000,4000000.000,-93000000.000,92000000.000,89000000.000,-55000000.000,84000000.000,31000000.000,-148000000.000,61000000.000,-109000000.000,146000000.000,120000000.000,-4000000.000,-372000000.000,20000000.000
OtherComprehensiveIncomeLossPensionAndOtherPostretirementBenefitPlansNetUnamortizedGainLossArisingDuringPeriodBeforeTax,,,,,,,,2000000.000,,,,,,,,,,,-1000000.000,,,,-1000000.000
OtherComprehensiveIncomeLossReclassificationAdjustmentForSaleOfSecuritiesIncludedInNetIncomeBeforeTax,,,,,,,-51000000.000,-64000000.000,,,,,,,,,,,,,,,
OtherComprehensiveIncomeLossReclassificationAdjustmentForSaleOfSecuritiesIncludedInNetIncomeNetOfTax,,,,,,,-49000000.000,-64000000.000,,,,,,,,,,,,,,,
OtherComprehensiveIncomeLossReclassificationAdjustmentForSaleOfSecuritiesIncludedInNetIncomeTax,,,,,,,2000000.000,0.000,,,,,,,,,,,,,,,
OtherComprehensiveIncomeLossReclassificationAdjustmentFromAOCIForSaleOfSecuritiesBeforeTax,,,,,,,,,41000000.000,,43000000.000,41000000.000,45000000.000,52000000.000,55000000.000,45000000.000,6000000.000,49000000.000,54000000.000,39000000.000,52000000.000,40000000.000,27000000.000
OtherComprehensiveIncomeLossReclassificationAdjustmentFromAOCIForSaleOfSecuritiesNetOfTax,,,,,,,,,41000000.000,,37000000.000,40000000.000,44000000.000,46000000.000,35000000.000,29000000.000,3000000.000,32000000.000,34000000.000,40000000.000,41000000.000,32000000.000,25000000.000
OtherComprehensiveIncomeLossReclassificationAdjustmentFromAOCIForSaleOfSecuritiesTax,,,,,,,,,0.000,,-6000000.000,-1000000.000,-1000000.000,-6000000.000,-20000000.000,-16000000.000,-3000000.000,-17000000.000,-20000000.000,1000000.000,11000000.000,46000000.000,2000000.000
OtherComprehensiveIncomeLossReclassificationAdjustmentFromAOCIPensionAndOtherPostretirementBenefitPlansForNetGainLossBeforeTax,,,,,,,,,,,,-7000000.000,,,,,,,,,,,
OtherComprehensiveIncomeLossReclassificationAdjustmentFromAOCIPensionAndOtherPostretirementBenefitPlansForNetGainLossNetOfTax,,,,,,,,,,,,-4000000.000,,,,,,,,,,,
OtherComprehensiveIncomeLossReclassificationAdjustmentFromAOCIPensionAndOtherPostretirementBenefitPlansForNetGainLossTax,,,,,,,,,,,,3000000.000,,,,,,,,,,,
OtherComprehensiveIncomeLossReclassificationAdjustmentOnDerivativesIncludedInNetIncomeBeforeTax,,,,,,,7000000.000,,,,,,,,,,,,,,,,
OtherComprehensiveIncomeLossReclassificationAdjustmentOnDerivativesIncludedInNetIncomeNetOfTax,,,,,,,4000000.000,,,,,,,,,,,,,,,,
OtherComprehensiveIncomeLossReclassificationAdjustmentOnDerivativesIncludedInNetIncomeTax,,,,,,,-3000000.000,,,,,,,,,,,,,,,,
OtherComprehensiveIncomeLossReclassificationPensionAndOtherPostretirementBenefitPlansNetGainLossRecognizedInNetPeriodicBenefitCostTax,,,,,,,0.000,,,,,,,,,,,,,,,,
OtherComprehensiveIncomeLossTaxPortionAttributableToParent1,,,,,,,-41000000.000,61000000.000,12000000.000,-47000000.000,-42000000.000,-42000000.000,7000000.000,-37000000.000,-12000000.000,87000000.000,-38000000.000,65000000.000,-86000000.000,-26000000.000,-7000000.000,63000000.000,3000000.000
OtherComprehensiveIncomeReclassificationOfDefinedBenefitPlansNetGainLossRecognizedInNetPeriodicBenefitCostBeforeTax,,,,,,,2000000.000,,,,,,,,,,,,,,,,
OtherComprehensiveIncomeReclassificationOfDefinedBenefitPlansNetGainLossRecognizedInNetPeriodicBenefitCostNetOfTax,,,,,,,2000000.000,,,,,,,,,,,,,,,,
OtherComprehensiveIncomeUnrealizedGainLossOnDerivativesArisingDuringPeriodBeforeTax,,,,,,,,3000000.000,-4000000.000,,,,1000000.000,,,,,,,,,,
OtherComprehensiveIncomeUnrealizedGainLossOnDerivativesArisingDuringPeriodNetOfTax,,,,,,,,2000000.000,-3000000.000,,,,1000000.000,,,,,,,,,,
OtherComprehensiveIncomeUnrealizedGainLossOnDerivativesArisingDuringPeriodTax,,,,,,,,-1000000.000,1000000.000,,,,0.000,,,,,,,,,,
OtherComprehensiveIncomeUnrealizedHoldingGainLossOnSecuritiesArisingDuringPeriodBeforeTax,,,,,,,69000000.000,-404000000.000,46000000.000,-44000000.000,188000000.000,185000000.000,-15000000.000,199000000.000,138000000.000,-191000000.000,106000000.000,-118000000.000,280000000.000,185000000.000,41000000.000,-493000000.000,51000000.000
OtherComprehensiveIncomeUnrealizedHoldingGainLossOnSecuritiesArisingDuringPeriodNetOfTax,,,,,,,68000000.000,-282000000.000,53000000.000,2000000.000,137000000.000,142000000.000,-10000000.000,146000000.000,87000000.000,-120000000.000,65000000.000,-71000000.000,176000000.000,160000000.000,37000000.000,-340000000.000,46000000.000
OtherComprehensiveIncomeUnrealizedHoldingGainLossOnSecuritiesArisingDuringPeriodTax,,,,,,,-1000000.000,122000000.000,7000000.000,46000000.000,-51000000.000,-43000000.000,5000000.000,-53000000.000,-51000000.000,71000000.000,-41000000.000,47000000.000,-104000000.000,-25000000.000,4000000.000,105000000.000,5000000.000
OtherCostAndExpenseOperating,,,,121000000.000,79000000.000,,60000000.000,33000000.000,58000000.000,119000000.000,45000000.000,69000000.000,61000000.000,83000000.000,63000000.000,47000000.000,56000000.000,18000000.000,54000000.000,57000000.000,71000000.000,60000000.000,48000000.000
OtherIncome,,,,226000000.000,225000000.000,,157000000.000,74000000.000,27000000.000,-179000000.000,16000000.000,20000000.000,31000000.000,31000000.000,14000000.000,24000000.000,21000000.000,20000000.000,23000000.000,26000000.000,26000000.000,36000000.000,43000000.000
OtherNoninterestExpense,916000000.000,772000000.000,716000000.000,1933000000.000,619000000.000,230000000.000,558000000.000,403000000.000,432000000.000,588000000.000,391000000.000,418000000.000,404000000.000,378000000.000,384000000.000,366000000.000,378000000.000,377000000.000,385000000.000,386000000.000,418000000.000,416000000.000,405000000.000
OtherNonoperatingIncome,,,,73000000.000,42000000.000,,35000000.000,20000000.000,,,,,,,,,,,,,,,
OtherTaxExpenseBenefit,,,,,,,,,,,,,,,,,,,,175000000.000,,,
OtherThanTemporaryImpairmentLossesInvestmentsPortionRecognizedInEarningsNetAvailableforsaleSecurities,,,,,56000000.000,,8000000.000,0.000,11000000.000,1000000.000,10000000.000,0.000,0.000,4000000.000,2000000.000,1000000.000,11000000.000,0.000,0.000,0.000,0.000,0.000,
PaymentsForLossesAndLossAdjustmentExpense,,,,,,,,,,,,,,,,,,,,,,,68000000.000
PaymentsForOriginationAndPurchasesOfLoansHeldForSale,,,9626000000.000,,,,5759000000.000,,,,0.000,,,,1241000000.000,,,,44000000.000,,,,21000000.000
PaymentsForProceedsFromLoansAndLeases,,,4409000000.000,,,,42000000.000,,,,-492000000.000,,,,45000000.000,,,,2086000000.000,,,,
PaymentsForProceedsFromOtherInvestingActivities,,,-323000000.000,,,,-41000000.000,,,,-111000000.000,,,,-91000000.000,,,,20000000.000,,,,59000000.000
PaymentsForRepurchaseOfCommonStock,,,,,,,,,,,,,,,,,,,,,,,169000000.000
PaymentsOfDividends,,,200000000.000,,,,200000000.000,,,,68000000.000,,,,67000000.000,,,,15000000.000,,,,38000000.000
PaymentsToAcquireAvailableForSaleSecurities,,,3172000000.000,,,,4626000000.000,,,,907000000.000,,,,4023000000.000,,,,4870000000.000,,,,2833000000.000
PaymentsToAcquireHeldToMaturitySecurities,,,,,,,,,,,,,,,,,,,118000000.000,,,,215000000.000
PaymentsToAcquireLoansHeldForInvestment,,,,,,,,,,,,,,,,,,,,,,,405000000.000
PolicyholderBenefitsAndClaimsIncurredNet,244000000.000,190000000.000,159000000.000,208000000.000,151000000.000,-57000000.000,115000000.000,146000000.000,85000000.000,59000000.000,68000000.000,188000000.000,97000000.000,57000000.000,56000000.000,122000000.000,61000000.000,54000000.000,73000000.000,145000000.000,69000000.000,55000000.000,
PremiumsEarnedNet,433000000.000,422000000.000,375000000.000,359000000.000,364000000.000,,,,,,,,,,,,,,,,,,
ProceedsFromContributionsFromParent,,,,,,,0.000,,,,0.000,,,,0.000,,,,0.000,,,,0.000
ProceedsFromDivestitureOfBusinesses,,,29000000.000,,,,2829000000.000,,,,0.000,,,,1049000000.000,,,,0.000,,,,
ProceedsFromIssuanceInitialPublicOffering,,,,,,,,,,,2400000000.000,,,,,,,,,,,,
ProceedsFromIssuanceOfLongTermDebt,,,10749000000.000,,,,4253000000.000,,,,9402000000.000,,,,8820000000.000,,,,4244000000.000,,,,4488000000.000
ProceedsFromMaturitiesPrepaymentsAndCallsOfAvailableForSaleSecurities,,,1222000000.000,,,,1604000000.000,,,,592000000.000,,,,914000000.000,,,,409000000.000,,,,589000000.000
ProceedsFromPaymentsForFederalFundsSoldAndSecuritiesPurchasedUnderAgreementsToResellNet,,,,,,,,,,,,,,,-50000000.000,,,,0.000,,,,
ProceedsFromPaymentsForOtherFinancingActivities,,,352000000.000,,,,,,,,,,,,,,,,,,,,
ProceedsFromRepaymentsOfShortTermDebt,,,-546000000.000,,,,518000000.000,,,,-3384000000.000,,,,-618000000.000,,,,-2739000000.000,,,,-4303000000.000
ProceedsFromSaleAndMaturityOfHeldToMaturitySecurities,,,,,,,,,,,,,,,,,,,,,,,5000000.000
ProceedsFromSaleOfAvailableForSaleSecurities,,,2940000000.000,,,,1543000000.000,,,,1354000000.000,,,,1523000000.000,,,,4175000000.000,,,,1045000000.000
ProceedsFromSaleOfLoansAndLeasesHeldForInvestment,,,,,,,,,,,,,,,1577000000.000,,,,2594000000.000,,,,1164000000.000
ProceedsFromSaleOfLoansHeldForInvestment,,,,,,,,,,,,,,,1577000000.000,,,,2594000000.000,,,,1164000000.000
ProceedsFromSaleOfLoansHeldForSale,,,11111000000.000,,,,7481000000.000,,,,13000000.000,,,,125000000.000,,,,104000000.000,,,,20000000.000
ProfessionalFees,,,,93000000.000,69000000.000,,48000000.000,54000000.000,38000000.000,36000000.000,28000000.000,25000000.000,20000000.000,27000000.000,20000000.000,25000000.000,23000000.000,25000000.000,24000000.000,26000000.000,25000000.000,28000000.000,26000000.000
ProvisionForLoanAndLeaseLosses,,,,,,,,,-141000000.000,,-137000000.000,-63000000.000,-102000000.000,-155000000.000,-116000000.000,-140000000.000,-211000000.000,-240000000.000,-220000000.000,-172000000.000,258000000.000,1051000000.000,271000000.000
ProvisionForLoanLeaseAndOtherLosses,,,,51000000.000,-5000000.000,,-131000000.000,-89000000.000,,,,,,,,,,,,,,,
ProvisionForLoanLossesExpensed,51000000.000,49000000.000,140000000.000,29000000.000,116000000.000,44000000.000,131000000.000,89000000.000,141000000.000,140000000.000,137000000.000,63000000.000,102000000.000,155000000.000,116000000.000,140000000.000,211000000.000,240000000.000,220000000.000,172000000.000,258000000.000,267000000.000,271000000.000
ProvisionForOtherLosses,,,,,,,-10000000.000,0.000,,,,,,,,,,,,,,,
RepaymentsOfLongTermDebt,,,10024000000.000,,,,11445000000.000,,,,10683000000.000,,,,9778000000.000,,,,8490000000.000,,,,7573000000.000
Revenues,1827000000.000,1191000000.000,1856000000.000,1710000000.000,1713000000.000,-381000000.000,1026000000.000,1030000000.000,1108000000.000,1099000000.000,1142000000.000,1231000000.000,1264000000.000,1014000000.000,1093000000.000,1127000000.000,1302000000.000,1339000000.000,1327000000.000,1358000000.000,1384000000.000,1368000000.000,1375000000.000
SalesRevenueNet,1827000000.000,1191000000.000,1856000000.000,1484000000.000,1488000000.000,-381000000.000,869000000.000,956000000.000,1081000000.000,1278000000.000,1126000000.000,1211000000.000,1233000000.000,983000000.000,1079000000.000,1103000000.000,1281000000.000,1319000000.000,1304000000.000,1332000000.000,1358000000.000,1332000000.000,1332000000.000
SecuritizationFinancialAssetForWhichTransferIsAccountedAsSaleGainLossOnSale,,,,91000000.000,19000000.000,,,,,,,,,,,,,,,,,,2000000.000
ServicingAssetAtFairValueAdditions,,,,42000000.000,0.000,,,6000000.000,0.000,,0.000,0.000,,,,,,,,,,,
ServicingAssetAtFairValueChangesInFairValueResultingFromChangesInValuationInputsOrChangesInAssumptions,,,,-301000000.000,-192000000.000,,-28000000.000,-4000000.000,0.000,0.000,0.000,0.000,,,,,,,,,,,
ServicingAssetAtFairValueDisposals,,,,0.000,,,,911000000.000,,,,0.000,,,,,,,,,,,
ServicingAssetAtFairValueOtherChangesInFairValue,,,,-101000000.000,-61000000.000,,-61000000.000,-8000000.000,0.000,0.000,0.000,0.000,,,,,,,,,,,
ServicingAssetsAndServicingLiabilitiesAtFairValueAssumptionsUsedToEstimateFairValueDiscountRate,,,,,,,0.093,,,,,,,,,,,,,,,,
ServicingAssetsAndServicingLiabilitiesAtFairValueAssumptionsUsedToEstimateFairValuePrepaymentSpeed,,,,,,,0.103,,,,,,,,,,,,,,,,
ServicingFeesNet,353000000.000,351000000.000,310000000.000,216000000.000,91000000.000,84000000.000,82000000.000,19000000.000,13000000.000,12000000.000,9000000.000,7000000.000,6000000.000,9000000.000,10000000.000,10000000.000,,,,,,,
StockIssuedDuringPeriodSharesNewIssues,,,,,,,,,,,95000000.000,,,,,,,,,,,,
StockholdersEquityNoteStockSplitConversionRatio1,,,,,,,,,,,310.000,,,,,,,,,,,,
SupplementalInformationForPropertyCasualtyInsuranceUnderwritersCurrentYearClaimsAndClaimsAdjustmentExpense,,,,,,,,,,,,,,,,,,,,,,,89000000.000
SupplementalInformationForPropertyCasualtyInsuranceUnderwritersPriorYearClaimsAndClaimsAdjustmentExpense,,,,,,,,,,,,,,,,,,,,,,,-1000000.000
TaxesExcludingIncomeAndExciseTaxes,,,,,,,,,,,,,,,,,,,,,10000000.000,,8000000.000
TransferOfPortfolioLoansAndLeasesToHeldForSale1,,,,,,,,,,,,,,,69000000.000,,,,2599000000.000,,,,1213000000.000
TreasuryStockValueAcquiredCostMethod,,,,,,,,,,,,,,,,,,,,,159000000.000,,169000000.000
UnrealizedGainLossOnDerivatives,,,,-44000000.000,-3000000.000,,0.000,10000000.000,21000000.000,-7000000.000,,,-4000000.000,,,,,,,,,,
ValuationAllowanceDeferredTaxAssetChangeInAmount,,,,,,,230000000.000,87000000.000,,,,,,,,,,,,,,,
WeightedAverageNumberOfDilutedSharesOutstanding,1330970.000,1330970.000,1330970000000.000,1330970.000,1330970.000,-1330971330970.000,1330970.000,1330970.000,1330970.000,-2637535.000,479767540.000,482342629.000,482506091.000,-962682449.000,482781619.000,482847164.000,484399091.000,-967154754.000,484654229.000,486074474.000,483575307.000,-972121895.000,466829404.000
WeightedAverageNumberOfSharesOutstandingBasic,1330970.000,1330970.000,1330970000000.000,1330970.000,1330970.000,-1330971330970.000,1330970.000,1330970.000,1330970.000,-2637535.000,479767540.000,481350249.000,481611138.000,-961574318.000,482247935.000,482847164.000,483073329.000,-965295308.000,484233246.000,485370318.000,482392811.000,-970891842.000,465961123.000
