,2011-01-31,2011-04-30,2011-07-31,2011-10-31,2012-01-31,2012-04-30,2012-07-31,2012-10-31,2013-01-31,2013-04-30,2013-07-31,2013-10-31,2014-01-31,2014-04-30,2014-07-31,2014-10-31,2015-01-31,2015-04-30,2015-07-31,2015-10-31,2016-01-31,2016-04-30,2016-07-31,2016-10-31,2017-01-31,2017-04-30
AccumulatedDepreciationDepletionAndAmortizationSaleOfPropertyPlantAndEquipment,,,,,,,,,542000000.000,,,,560000000.000,,,,900000000.000,,,,,,,,,
AdjustmentsNoncashItemsToReconcileNetIncomeLossToCashProvidedByUsedInOperatingActivitiesOther,-104000000.000,,,,,,,,,,,,,,,,,,,,,,,,,
AdjustmentsToAdditionalPaidInCapitalSharebasedCompensationRequisiteServicePeriodRecognitionValue,,,,,,,,,,,,,,,,,,,,,2000000.000,,,,,
AllocatedShareBasedCompensationExpense,,,,,,,,,,,,,170000000.000,130000000.000,132000000.000,128000000.000,187000000.000,129000000.000,160000000.000,233000000.000,61000000.000,40000000.000,39000000.000,42000000.000,75000000.000,48000000.000
AllocatedShareBasedCompensationExpenseNetOfTax,,,,,,,,,,75000000.000,71000000.000,,117000000.000,87000000.000,90000000.000,87000000.000,127000000.000,87000000.000,108000000.000,179000000.000,39000000.000,27000000.000,26000000.000,27000000.000,51000000.000,33000000.000
AmortizationOfAcquiredIntangibleAssets,,,,,,,,,350000000.000,350000000.000,356000000.000,,,,,,,,,,,,,,,
AmortizationOfIntangibleAssets,,,,,,,,,,,,,283000000.000,264000000.000,227000000.000,226000000.000,222000000.000,221000000.000,242000000.000,246000000.000,8000000.000,6000000.000,2000000.000,0.000,0.000,1000000.000
AntidilutiveSecuritiesExcludedFromComputationOfEarningsPerShareAmount,,,,,,,,,,,,,,,,,17000000.000,9000000.000,10000000.000,-13000000.000,25000000.000,27000000.000,13000000.000,-52000000.000,9000000.000,3000000.000
BusinessCombinationAcquisitionRelatedCosts,,,,,,,,,,,,,,,,,4000000.000,19000000.000,47000000.000,20000000.000,,,0.000,,16000000.000,20000000.000
CapitalLeaseObligationsIncurred,5000000.000,,,,12000000.000,,,,2000000.000,,,,,,,,,,,,,,,,,
CapitalLeasesIncomeStatementLeaseRevenue,,,,,116000000.000,117000000.000,113000000.000,116000000.000,118000000.000,114000000.000,110000000.000,105000000.000,103000000.000,103000000.000,100000000.000,95000000.000,95000000.000,89000000.000,89000000.000,88000000.000,,,,,,
CashAndCashEquivalentsPeriodIncreaseDecrease,-995000000.000,,,,,,,,,,,,,,,,,,,,-13745000000.000,,,,43000000.000,
CashFlowHedgeGainLossReclassifiedToEarningsNet,14000000.000,-336000000.000,-339000000.000,,,,,,,,,,,,,,,,,,,,,,,
CashFlowHedgeGainLossToBeReclassifiedWithinTwelveMonths,168000000.000,,,,,,,,,,,,,,,,,,,,,,,,-32000000.000,
CommonStockDividendsPerShareDeclared,0.160,,0.240,,0.240,,0.260,,0.260,,0.290,,0.290,,0.320,,0.320,,0.350,,0.250,,0.250,,0.270,0.000
ComprehensiveIncomeNetOfTax,2744000000.000,2410000000.000,2244000000.000,,,,,,1119000000.000,1227000000.000,1479000000.000,3069000000.000,1536000000.000,1111000000.000,1204000000.000,-941000000.000,1572000000.000,684000000.000,1008000000.000,869000000.000,691000000.000,485000000.000,1102000000.000,1000000.000,380000000.000,514000000.000
CostOfGoodsSold,16798000000.000,15819000000.000,15669000000.000,16881000000.000,15049000000.000,15181000000.000,14524000000.000,14714000000.000,14031000000.000,13241000000.000,13397000000.000,14963000000.000,14525000000.000,13464000000.000,13913000000.000,14567000000.000,14075000000.000,13070000000.000,12890000000.000,13046000000.000,9626000000.000,,,,,
CostOfRevenue,,,,,,,,,,,,,,,,,,,,,,9338000000.000,9720000000.000,,10436000000.000,10002000000.000
CostOfServices,7535000000.000,7967000000.000,8180000000.000,8374000000.000,8186000000.000,8280000000.000,8216000000.000,7918000000.000,7918000000.000,7733000000.000,7385000000.000,7400000000.000,7139000000.000,7171000000.000,6991000000.000,6792000000.000,6433000000.000,6214000000.000,6369000000.000,6259000000.000,335000000.000,,,,,
CostsAndExpenses,28908000000.000,28664000000.000,28669000000.000,31327000000.000,27994000000.000,28471000000.000,38502000000.000,36447000000.000,26607000000.000,25981000000.000,25371000000.000,27208000000.000,26157000000.000,25487000000.000,26127000000.000,26498000000.000,24919000000.000,24022000000.000,24137000000.000,24806000000.000,11318000000.000,10747000000.000,10775000000.000,11849000000.000,11828000000.000,11567000000.000
DeferredIncomeTaxExpenseBenefit,632000000.000,,,,-110000000.000,,,,500000000.000,,,,9000000.000,,,,-173000000.000,,,,526000000.000,,,,67000000.000,
DefinedBenefitPlanRecognizedNetGainLossDueToSettlements1,,,,,,,,,,,,,,,,,,,,,,,0.000,,,-3000000.000
DefinedBenefitPlanSettlementsBenefitObligation,,,,,,,,,,,,,,,,,,,114000000.000,,,,,,,
DepreciationDepletionAndAmortization,1255000000.000,,,,1303000000.000,,,,1163000000.000,,,,1117000000.000,,,,1028000000.000,,,,79000000.000,,,,84000000.000,
DerivativeInstrumentsGainLossReclassifiedFromAccumulatedOCIIntoIncomeEffectivePortionNet,,,,,,,,,,,,,,,,,,,,,,62000000.000,,,,
DerivativeInstrumentsGainLossRecognizedInIncomeIneffectivePortionAndAmountExcludedFromEffectivenessTestingNet,2000000.000,1000000.000,1000000.000,,,,,,,,,,,,,,,,,,,,,,,
DerivativeInstrumentsGainLossRecognizedInOtherComprehensiveIncomeEffectivePortionNet,92000000.000,-771000000.000,95000000.000,,,,,,,,,,,,,,,,,,,,,,,
DerivativeInstrumentsNotDesignatedAsHedgingInstrumentsGainLossNet,-77000000.000,-608000000.000,-71000000.000,652000000.000,-82000000.000,-79000000.000,181000000.000,132000000.000,-31000000.000,-11000000.000,290000000.000,-68000000.000,180000000.000,-181000000.000,-4000000.000,61000000.000,244000000.000,-83000000.000,127000000.000,16000000.000,13000000.000,-22000000.000,-10000000.000,-21000000.000,1000000.000,-46000000.000
EarningsPerShareBasic,1.190,1.070,0.940,0.180,0.740,0.800,-4.490,-3.460,0.630,0.560,0.720,0.730,0.750,0.670,0.530,0.710,0.750,0.560,0.470,0.730,0.330,0.370,0.460,0.280,0.360,0.330
EarningsPerShareDiluted,1.170,1.050,0.930,0.170,0.730,0.800,-4.490,-3.450,0.630,0.550,0.710,0.730,0.740,0.660,0.520,0.700,0.730,0.550,0.470,0.730,0.330,0.360,0.450,0.290,0.360,0.330
EffectiveIncomeTaxRateContinuingOperations,0.210,0.203,0.197,-0.398,0.194,0.195,0.022,,0.217,0.235,0.187,-0.424,0.223,0.228,0.250,-0.466,0.218,0.217,0.226,-0.623,0.220,0.211,0.220,-0.360,0.212,0.259
EffectiveIncomeTaxRateReconciliationAtFederalStatutoryIncomeTaxRate,0.350,,,,0.350,,,,0.350,,,,0.350,,,,0.350,0.350,,,0.350,,,,0.350,
EmployeeServiceShareBasedCompensationTaxBenefitFromCompensationExpense,43000000.000,61000000.000,46000000.000,69000000.000,57000000.000,54000000.000,43000000.000,43000000.000,57000000.000,32000000.000,36000000.000,33000000.000,53000000.000,43000000.000,42000000.000,41000000.000,60000000.000,42000000.000,52000000.000,54000000.000,22000000.000,13000000.000,13000000.000,15000000.000,24000000.000,15000000.000
ExcessTaxBenefitFromShareBasedCompensationFinancingActivities,64000000.000,,,,11000000.000,,,,,,,,27000000.000,,,,109000000.000,,,,1000000.000,,,,,
ExcessTaxBenefitFromShareBasedCompensationOperatingActivities,64000000.000,,,,11000000.000,,,,,,,,27000000.000,,,,109000000.000,,,,1000000.000,,,,,5600000.000
FinancialServicesCosts,,,,,,,,,,81000000.000,77000000.000,,72000000.000,69000000.000,70000000.000,66000000.000,63000000.000,61000000.000,58000000.000,58000000.000,,,,,,
FinancingReceivableAllowanceForCreditLossesProvisions,,,,,12000000.000,,,,,,,,,,,,,,,,,,,,,
FiniteLivedIntangibleAssetsAmortizationExpense,425000000.000,413000000.000,358000000.000,411000000.000,466000000.000,470000000.000,476000000.000,,,,,,,,,,,,,,,,,,,
FiniteLivedIntangibleAssetsFutureAmortizationExpense,,,,,8600000000.000,,,,,,,,,,,,,,,,,,,,,
FutureAmortizationExpenseAfterYearFive,,,,,1392000000.000,,,,,,,,,,,,,,,,,,,,,
FutureAmortizationExpenseRemainderOfFiscalYear,,,,,1379000000.000,,,,,,,,,,,,,,,,,,,,,
FutureAmortizationExpenseYearFive,682000000.000,,,,586000000.000,,,,,,,,,,,,,,,,,,,,,
FutureAmortizationExpenseYearFour,810000000.000,,,,1012000000.000,,,,,,,,,,,,,,,,,,,,,
FutureAmortizationExpenseYearOne,1102000000.000,,,,1702000000.000,,,,,,,,,,,,,,,,,,,,,
FutureAmortizationExpenseYearThree,1141000000.000,,,,1170000000.000,,,,,,,,,,,,,,,,,,,,,
FutureAmortizationExpenseYearTwo,1294000000.000,,,,1359000000.000,,,,,,,,,,,,,,,,,,,,,
GainLossFromComponentsExcludedFromAssessmentOfCashFlowHedgeEffectivenessNet,,,,,,,,,,,,,0.000,,,,0.000,,,,11000000.000,,,,,
GainLossOnCashFlowHedgeIneffectivenessNet,,,,,,,,,,,,,,,,,,,,,0.000,,,,,
GoodwillAcquiredDuringPeriod,,,,,12000000.000,,,,,,,,,,,,,,,,,,,,,
GoodwillAndIntangibleAssetImpairment,,,,,,,9188000000.000,,,,,,,,,,,,,,,,,,,
GoodwillImpairmentLoss,,,,,,,7961000000.000,,,,,,,,,,,,,,,,,,,
GoodwillTranslationAdjustments,,,,,,,,,,,,,7000000.000,,,,-31000000.000,,,,,,,,,
GoodwillTranslationAndPurchaseAccountingAdjustments,23000000.000,,,,,,,,,,,,,,,,,,,,,,,,,
ImpairedAssetsToBeDisposedOfByMethodOtherThanSaleAmountOfImpairmentLoss,,,,,,,,,,,,,,,,,,,136000000.000,,,,,,,
IncomeLossFromContinuingOperations,,,,,,,,,,,,,,,,,,,,,650000000.000,660000000.000,843000000.000,513000000.000,611000000.000,559000000.000
IncomeLossFromContinuingOperationsBeforeIncomeTaxesExtraordinaryItemsNoncontrollingInterest,,,,,,,,,,,,,,,,,1746000000.000,1292000000.000,1104000000.000,590000000.000,834000000.000,836000000.000,1081000000.000,1010000000.000,775000000.000,754000000.000
IncomeLossFromContinuingOperationsPerBasicShare,,,,,,,,,,,,,,,,,,,,,0.370,0.380,0.490,0.300,0.360,0.330
IncomeLossFromContinuingOperationsPerDilutedShare,,,,,,,,,,,,,,,,,,,,,0.360,0.380,0.490,0.300,0.360,0.330
IncomeLossFromDiscontinuedOperationsNetOfTaxAttributableToReportingEntity,,,,,,,,,,,,,,,,,,,,,-58000000.000,-31000000.000,-60000000.000,-21000000.000,0.000,0.000
IncomeLossFromDiscontinuedOperationsNetOfTaxPerBasicShare,,,,,,,,,,,,,,,,,,,,,-0.040,-0.010,-0.030,-0.020,0.000,0.000
IncomeLossFromDiscontinuedOperationsNetOfTaxPerDilutedShare,,,,,,,,,,,,,,,,,,,,,-0.030,-0.020,-0.040,-0.010,0.000,0.000
IncomeTaxExpenseBenefit,692000000.000,588000000.000,473000000.000,155000000.000,353000000.000,386000000.000,-200000000.000,178000000.000,341000000.000,331000000.000,319000000.000,406000000.000,409000000.000,375000000.000,328000000.000,432000000.000,380000000.000,281000000.000,250000000.000,-733000000.000,184000000.000,176000000.000,238000000.000,497000000.000,164000000.000,195000000.000
IncomeTaxReconciliationChangeInDeferredTaxAssetsValuationAllowance,,,,,,,823000000.000,,,,,,,,,,,,,,,,,,,
IncomeTaxReconciliationNondeductibleExpenseRestructuringCharges,,,,,,,,,,,,,,,,,,,,,,,,,,12000000.000
IncomeTaxReconciliationOtherReconcilingItems,-101000000.000,-56000000.000,-145000000.000,,-49000000.000,-25000000.000,-670000000.000,,5000000.000,-108000000.000,63000000.000,,22000000.000,13000000.000,-88000000.000,,-81000000.000,-104000000.000,-164000000.000,,-54000000.000,,,,9000000.000,8000000.000
IncomeTaxReconciliationStateAndLocalIncomeTaxes,,,,,,,,,,,,,,,,,,,,,,,,,26000000.000,
IncomeTaxReconciliationTaxCreditsResearch,,,,,,,,,,,,,,,,,47000000.000,,,,,,,,,
IncreaseDecreaseInAccountsAndOtherReceivables,-1752000000.000,,,,-2311000000.000,,,,-2246000000.000,,,,,,,,,,,,,,,,,
IncreaseDecreaseInAccountsPayableTrade,-912000000.000,,,,-2376000000.000,,,,-1690000000.000,,,,-1165000000.000,,,,-852000000.000,,,,-1104000000.000,,,,-116000000.000,
IncreaseDecreaseInAccountsReceivable,,,,,,,,,,,,,-2391000000.000,,,,-1540000000.000,,,,-704000000.000,,,,-614000000.000,
IncreaseDecreaseInAccruedIncomeTaxesPayable,-242000000.000,,,,-12000000.000,,,,-423000000.000,,,,170000000.000,,,,293000000.000,,,,-534000000.000,,,,-75000000.000,
IncreaseDecreaseInFinanceReceivables,,,,,,,,,,,,,-296000000.000,,,,-222000000.000,,,,,,,,,
IncreaseDecreaseInInventories,333000000.000,,,,-180000000.000,,,,149000000.000,,,,19000000.000,,,,224000000.000,,,,-202000000.000,,,,69000000.000,
IncreaseDecreaseInOtherOperatingCapitalNet,1671000000.000,,,,1697000000.000,,,,685000000.000,,,,1134000000.000,,,,2397000000.000,,,,649000000.000,,,,455000000.000,
IncreaseDecreaseInRestructuringReserve,,,,,,,,,,,,,,,,,,,,,-31000000.000,,,,-51000000.000,
IncrementalCommonSharesAttributableToShareBasedPaymentArrangements,44000000.000,34000000.000,26000000.000,-70000000.000,17000000.000,8000000.000,4000000.000,,3000000.000,12000000.000,19000000.000,-18000000.000,28000000.000,26000000.000,29000000.000,-53000000.000,28000000.000,22000000.000,23000000.000,-51000000.000,9000000.000,11000000.000,14000000.000,-21000000.000,17000000.000,21000000.000
IndefiniteLivedIntangibleAssetsImpairmentLosses,,,,,,,1227000000.000,,,,,,,,,,,,,,,,,,,
InterestExpense,,,,,,,,,,,,,171000000.000,,,,130000000.000,136000000.000,140000000.000,161000000.000,,,,,,
InterestExpenseDebt,,,,,,,,,,184000000.000,184000000.000,,,91000000.000,80000000.000,,67000000.000,75000000.000,82000000.000,103000000.000,74000000.000,58000000.000,71000000.000,70000000.000,73000000.000,73000000.000
InterestExpenseDebtExcludingAmortization,,,,,,,,,,103000000.000,,,,,,,,,,,,,,,,
InventoryWriteDown,52000000.000,,,,34000000.000,,,,92000000.000,,,,61000000.000,,,,64000000.000,,,,34000000.000,,,,-2000000.000,
NetCashProvidedByUsedInContinuingOperations,,,,,70000000.000,,,,1288000000.000,,,,4002000000.000,,,,-2214000000.000,,,,,,,,,
NetCashProvidedByUsedInFinancingActivities,-3702000000.000,,,,-372000000.000,,,,-630000000.000,,,,1229000000.000,,,,-2120000000.000,,,,-13526000000.000,,,,-638000000.000,
NetCashProvidedByUsedInFinancingActivitiesContinuingOperations,-3702000000.000,,,,-372000000.000,,,,-630000000.000,,,,1229000000.000,,,,-2120000000.000,,,,-13526000000.000,,,,-638000000.000,
NetCashProvidedByUsedInInvestingActivities,-363000000.000,,,,-751000000.000,,,,-644000000.000,,,,-217000000.000,,,,-838000000.000,,,,-111000000.000,,,,-86000000.000,
NetCashProvidedByUsedInInvestingActivitiesContinuingOperations,-363000000.000,,,,-751000000.000,,,,-644000000.000,,,,-217000000.000,,,,-838000000.000,,,,-111000000.000,,,,-86000000.000,
NetCashProvidedByUsedInOperatingActivities,3070000000.000,,,,1193000000.000,,,,2562000000.000,,,,2990000000.000,,,,744000000.000,,,,-108000000.000,,,,767000000.000,
NetCashProvidedByUsedInOperatingActivitiesContinuingOperations,3070000000.000,,,,1193000000.000,,,,2562000000.000,,,,2990000000.000,,,,744000000.000,,,,-108000000.000,,,,767000000.000,
NetIncomeLoss,2605000000.000,2304000000.000,1926000000.000,239000000.000,,,,,,,,,,,,,,,,,592000000.000,629000000.000,783000000.000,492000000.000,611000000.000,559000000.000
NetIncomeLossAvailableToCommonStockholdersBasic,,,,,1468000000.000,1593000000.000,-8857000000.000,-6854000000.000,1232000000.000,1077000000.000,1390000000.000,1414000000.000,1425000000.000,1273000000.000,985000000.000,1330000000.000,1366000000.000,1011000000.000,854000000.000,1323000000.000,,,,,,
NoncashOrPartNoncashAcquisitionFixedAssetsAcquired1,,,,,,,,,,,,,,,,,,,,,40000000.000,,,,40000000.000,
NonoperatingIncomeExpense,-97000000.000,-76000000.000,-121000000.000,-401000000.000,-221000000.000,-243000000.000,-224000000.000,-188000000.000,-179000000.000,-193000000.000,-146000000.000,-103000000.000,-163000000.000,-174000000.000,-145000000.000,-146000000.000,-174000000.000,-139000000.000,-108000000.000,-318000000.000,-94000000.000,-5000000.000,-36000000.000,347000000.000,-81000000.000,-64000000.000
OciBeforeReclassificationsNetOfTaxAttributableToParent,,,,,,,,,,,,,,,,,,,,,,,,,-178000000.000,
OperatingIncomeLoss,3394000000.000,2968000000.000,2520000000.000,795000000.000,2042000000.000,2222000000.000,-8833000000.000,-6488000000.000,1752000000.000,1601000000.000,1855000000.000,1923000000.000,1997000000.000,1822000000.000,1458000000.000,1908000000.000,1920000000.000,1431000000.000,1212000000.000,908000000.000,928000000.000,841000000.000,1117000000.000,663000000.000,856000000.000,818000000.000
OtherComprehensiveIncomeDefinedBenefitPlanNetPriorServiceCostCreditArisingDuringPeriodBeforeTax,,,,,,,,,,,,,,,,,,,,,,,-12000000.000,,-20000000.000,-17000000.000
OtherComprehensiveIncomeDefinedBenefitPlansAdjustmentNetOfTaxPeriodIncreaseDecrease,31000000.000,297000000.000,39000000.000,-251000000.000,,,,,,,,,,,,,,,,,,,,,,
OtherComprehensiveIncomeDefinedBenefitPlansNetUnamortizedGainLossArisingDuringPeriodTax,,,,,,,,,,,-8000000.000,,,,13000000.000,,,,65000000.000,,,,,,,
OtherComprehensiveIncomeDefinedBenefitPlansTax,10000000.000,-108000000.000,6000000.000,321000000.000,,,,,,,,,,,,,,,,,,,,,,
OtherComprehensiveIncomeDerivativesQualifyingAsHedgesBeforeTaxPortionAttributableToParent,,,,,,,,,-250000000.000,130000000.000,95000000.000,-112000000.000,179000000.000,-208000000.000,259000000.000,258000000.000,297000000.000,-574000000.000,133000000.000,-77000000.000,71000000.000,-207000000.000,,,,
OtherComprehensiveIncomeDerivativesQualifyingAsHedgesNetOfTaxPeriodIncreaseDecrease,47000000.000,-272000000.000,271000000.000,114000000.000,,,,,,,,,,,,,,,,,,,,,,
OtherComprehensiveIncomeFinalizationOfPensionAndNonPensionPostretirementPlanValuationTax,,,,,,,,,,,,,,,,,,1000000.000,-30000000.000,,,,,,,
OtherComprehensiveIncomeForeignCurrencyTransactionAndTranslationAdjustmentBeforeTaxPortionAttributableToParent,,,,,,,,,-26000000.000,-32000000.000,-99000000.000,7000000.000,-24000000.000,-17000000.000,-22000000.000,-22000000.000,-68000000.000,,-44000000.000,,,,,,,
OtherComprehensiveIncomeForeignCurrencyTransactionAndTranslationAdjustmentNetOfTaxPeriodIncreaseDecrease,51000000.000,81000000.000,3000000.000,-106000000.000,,,,,,,,,,,,,,,,,,,,,,
OtherComprehensiveIncomeForeignCurrencyTranslationAdjustmentTax,17000000.000,1000000.000,6000000.000,-4000000.000,,,,,,,,,,,,,,,,,,,,,,
OtherComprehensiveIncomeForeignCurrencyTranslationAdjustmentTaxPortionAttributableToParent,,,,,,,,,18000000.000,4000000.000,,,,,-1000000.000,,47000000.000,-3000000.000,-18000000.000,,,,,,,
OtherComprehensiveIncomeLossAvailableForSaleSecuritiesAdjustmentBeforeTax,,,,,,,,,3000000.000,19000000.000,-38000000.000,19000000.000,-2000000.000,,7000000.000,,46000000.000,-59000000.000,4000000.000,-8000000.000,,,,,,
OtherComprehensiveIncomeLossAvailableForSaleSecuritiesTax,,,,,,,,,-33000000.000,-5000000.000,27000000.000,25000000.000,,,-1000000.000,,15000000.000,-18000000.000,3000000.000,,,,,,,
OtherComprehensiveIncomeLossBeforeReclassificationsNetOfTax,,,,,,,,,,,,,-14000000.000,,,,344000000.000,,,,,,,,,
OtherComprehensiveIncomeLossBeforeTaxPortionAttributableToParent,,,,,,,,,-177000000.000,199000000.000,81000000.000,1917000000.000,216000000.000,-230000000.000,305000000.000,-2328000000.000,385000000.000,-525000000.000,223000000.000,-518000000.000,83000000.000,-197000000.000,347000000.000,-495000000.000,-217000000.000,-52000000.000
OtherComprehensiveIncomeLossDerivativesQualifyingAsHedgesBeforeTax,,,,,,,,,,,,,,,,,,,,,,,334000000.000,,-240000000.000,-86000000.000
OtherComprehensiveIncomeLossDerivativesQualifyingAsHedgesTax,,,,,,,,,85000000.000,-32000000.000,-18000000.000,-83000000.000,,,73000000.000,,103000000.000,-177000000.000,41000000.000,,,,,,,
OtherComprehensiveIncomeLossFinalizationOfPensionAndNonPensionPostretirementPlanValuationBeforeTax,,,,,,,,,,,,,,,,,-2000000.000,4000000.000,97000000.000,16000000.000,,1000000.000,0.000,,,3000000.000
OtherComprehensiveIncomeLossForeignCurrencyTransactionAndTranslationAdjustmentBeforeTax,,,,,,,,,,,,,,,,,,,,,,,0.000,,,
OtherComprehensiveIncomeLossNetOfTax,,,,,,,,,,,,,111000000.000,-162000000.000,219000000.000,-2271000000.000,206000000.000,-327000000.000,,,,,,,,
OtherComprehensiveIncomeLossNetOfTaxPortionAttributableToParent,,,,,,,,,-113000000.000,150000000.000,89000000.000,1655000000.000,111000000.000,-162000000.000,219000000.000,-2271000000.000,206000000.000,-327000000.000,154000000.000,-454000000.000,99000000.000,-144000000.000,319000000.000,-491000000.000,-231000000.000,-45000000.000
OtherComprehensiveIncomeLossPensionAndOtherPostretirementBenefitPlansAdjustmentBeforeTax,,,,,,,,,96000000.000,82000000.000,-123000000.000,-2359000000.000,-63000000.000,5000000.000,-61000000.000,2565000000.000,-110000000.000,-108000000.000,-130000000.000,338000000.000,-12000000.000,-9000000.000,-12000000.000,558000000.000,,-33000000.000
OtherComprehensiveIncomeLossPensionAndOtherPostretirementBenefitPlansNetUnamortizedGainLossArisingDuringPeriodBeforeTax,,,,,,,,,,-1000000.000,30000000.000,,,-111000000.000,-8000000.000,,,,-75000000.000,,,-4000000.000,0.000,,,13000000.000
OtherComprehensiveIncomeLossPensionAndOtherPostretirementBenefitPlansTax,,,,,,,,,6000000.000,16000000.000,-1000000.000,-319000000.000,,,-15000000.000,,-14000000.000,,-43000000.000,,,,,,,
OtherComprehensiveIncomeLossReclassificationAdjustmentForSaleOfSecuritiesIncludedInNetIncomeBeforeTax,,,,,,,,,,,-49000000.000,,,,,,,,,,,,,,,
OtherComprehensiveIncomeLossReclassificationAdjustmentFromAOCIForSaleOfSecuritiesBeforeTax,,,,,,,,,,,,,1000000.000,,,,,,,,,,,,,
OtherComprehensiveIncomeLossReclassificationAdjustmentFromAOCIOnDerivativesBeforeTax,,,,,,,,,,,,,-109000000.000,-101000000.000,-125000000.000,184000000.000,334000000.000,556000000.000,159000000.000,263000000.000,34000000.000,62000000.000,-159000000.000,0.000,71000000.000,16000000.000
OtherComprehensiveIncomeLossReclassificationAdjustmentFromAOCIOnDerivativesTax,,,,,,,,,,,,,,,-21000000.000,,98000000.000,157000000.000,48000000.000,,,,,,,
OtherComprehensiveIncomeLossReclassificationAdjustmentOnDerivativesIncludedInNetIncomeBeforeTax,,,,,,,,,64000000.000,-24000000.000,-21000000.000,,,,,,,,,,,,,,,
OtherComprehensiveIncomeLossReclassificationAdjustmentOnDerivativesIncludedInNetIncomeTax,,,,,,,,,-17000000.000,10000000.000,-4000000.000,,,,,,,,,,,,,,,
OtherComprehensiveIncomeLossTax,,,,,,,,,64000000.000,-49000000.000,8000000.000,216000000.000,,,86000000.000,,179000000.000,-198000000.000,,,-16000000.000,-53000000.000,28000000.000,-4000000.000,14000000.000,-7000000.000
OtherComprehensiveIncomeLossTaxPortionAttributableToParent1,,,,,,,,,64000000.000,-49000000.000,-8000000.000,232000000.000,105000000.000,-68000000.000,86000000.000,-57000000.000,179000000.000,-198000000.000,69000000.000,-64000000.000,-16000000.000,-53000000.000,28000000.000,-4000000.000,14000000.000,-7000000.000
OtherComprehensiveIncomeReclassificationAdjustmentOnDerivativesIncludedInNetIncomeNetOfTax,13000000.000,-226000000.000,-222000000.000,,,,,,,,,,,,,,,,,,,,,,,
OtherComprehensiveIncomeReclassificationAdjustmentOnDerivativesIncludedInNetIncomeTax,1000000.000,-110000000.000,117000000.000,202000000.000,,,,,,,,,,,,,,,,,,,,,,
OtherComprehensiveIncomeUnrealizedGainLossOnDerivativesArisingDuringPeriodBeforeTax,,,,,,,,,-314000000.000,154000000.000,116000000.000,-199000000.000,70000000.000,-309000000.000,134000000.000,442000000.000,631000000.000,-18000000.000,292000000.000,186000000.000,105000000.000,-145000000.000,175000000.000,64000000.000,-169000000.000,-70000000.000
OtherComprehensiveIncomeUnrealizedGainLossOnDerivativesArisingDuringPeriodNetOfTax,60000000.000,-498000000.000,49000000.000,,,,,,,,,,,,,,,,,,,,,,,
OtherComprehensiveIncomeUnrealizedGainLossOnDerivativesArisingDuringPeriodTax,,,,,,,,,102000000.000,-42000000.000,-14000000.000,-143000000.000,,,52000000.000,,201000000.000,-20000000.000,89000000.000,,,,,,,
OtherComprehensiveIncomeUnrealizedHoldingGainLossOnSecuritiesArisingDuringPeriodBeforeTax,,,,,,,,,,,11000000.000,,-1000000.000,,7000000.000,,46000000.000,-59000000.000,4000000.000,-8000000.000,,1000000.000,1000000.000,,3000000.000,1000000.000
OtherComprehensiveIncomeUnrealizedHoldingGainLossOnSecuritiesArisingDuringPeriodNetOfTax,10000000.000,,5000000.000,,,,,,,,,,,,,,,,,,,,,,,
OtherComprehensiveIncomeUnrealizedHoldingGainLossOnSecuritiesArisingDuringPeriodTax,5000000.000,-7000000.000,3000000.000,,,,,,,,27000000.000,,,,-1000000.000,,15000000.000,-18000000.000,3000000.000,,,,,,,
OtherNoncashIncomeExpense,,,,,-44000000.000,,,,-167000000.000,,,,33000000.000,,,,-138000000.000,,,,18000000.000,,,,-23000000.000,
OtherRestructuringCosts,,,,,,,,,,,,,,,,,,,,,,,,,31000000.000,22000000.000
OtherThanTemporaryImpairmentLossesInvestmentsPortionRecognizedInEarningsNet,,,,,,,10000000.000,,,,,,,,,,,,,,,,,,,
PaymentsForHedgeFinancingActivities,,,,,,,,,,,,,,,,,,,,,11000000.000,,,,,
PaymentsForProceedsFromHedgeFinancingActivities,,,,,,,,,,,,,,,,,,,,,,,,,4000000.000,
PaymentsForRepurchaseOfCommonStock,2290000000.000,2700000000.000,4600000000.000,527000000.000,780000000.000,350000000.000,365000000.000,124000000.000,253000000.000,797000000.000,3000000.000,479000000.000,565000000.000,831000000.000,582000000.000,750000000.000,1571000000.000,600000000.000,400000000.000,312000000.000,797000000.000,300000000.000,100000000.000,,,200000000.000
PaymentsForRestructuring,,,,,,,,,,,,,-381000000.000,,,,-483000000.000,,,,,,,,37000000.000,
PaymentsOfDividendsCommonStock,175000000.000,,,,244000000.000,,,,258000000.000,,,,278000000.000,,,,304000000.000,,,,221000000.000,,,,227000000.000,
PaymentsRelatedToTaxWithholdingForShareBasedCompensation,,,,,,,,,,,,,,,,,,,,,,,,,34000000.000,
PaymentsToAcquireBusinessesNetOfCashAcquired,14000000.000,,,,141000000.000,,,,,,,,,,,,1000000.000,,,,,,,,,
PaymentsToAcquireMarketableSecurities,19000000.000,,,,,,,,299000000.000,,,,135000000.000,,,,50000000.000,,,,,,,,56000000.000,
PaymentsToAcquireProductiveAssets,926000000.000,,,,883000000.000,,,,633000000.000,,,,997000000.000,,,,947000000.000,,,,120000000.000,,,,101000000.000,
ProceedsAndExcessTaxBenefitFromSharebasedCompensation,,,,,,,,,,,,,,,,,,,,,,,,,6800000.000,
ProceedsFromDivestitureOfBusinessesNetOfCashDivested,,,,,81000000.000,,,,,,,,,,,,,,,,,,,,,
ProceedsFromIssuanceOfLongTermDebt,2117000000.000,,,,3035000000.000,,,,45000000.000,,,,2005000000.000,,,,299000000.000,,,,4000000.000,,,,5000000.000,
ProceedsFromIssuanceOfSharesUnderIncentiveAndShareBasedCompensationPlansIncludingStockOptions,430000000.000,,,,313000000.000,,,,55000000.000,,,,83000000.000,,,,181000000.000,,,,2000000.000,,,,,
ProceedsFromRepaymentsOfShortTermDebt,-3710000000.000,,,,-2607000000.000,,,,-105000000.000,,,,2000000.000,,,,77000000.000,,,,26000000.000,,,,35000000.000,
ProceedsFromSaleAndMaturityOfMarketableSecurities,53000000.000,,,,,,,,,,,,,,,,,,,,,,,,,
ProceedsFromSaleMaturityAndCollectionsOfInvestments,,,,,96000000.000,,,,161000000.000,,,,465000000.000,,,,30000000.000,,,,9000000.000,,,,2000000.000,
ProceedsFromSaleOfProductiveAssets,543000000.000,,,,96000000.000,,,,127000000.000,,,,450000000.000,,,,130000000.000,,,,,,,,69000000.000,
ProductWarrantyAccrualPayments,659000000.000,,,,618000000.000,,,,566000000.000,,,,481000000.000,,,,426000000.000,,,,307000000.000,,,,256000000.000,
ProductWarrantyAccrualPreexistingIncreaseDecrease,-31000000.000,,,,-53000000.000,,,,-7000000.000,,,,7000000.000,,,,-17000000.000,,,,-22000000.000,,,,-11000000.000,
ProductWarrantyAccrualWarrantiesIssued,700000000.000,,,,585000000.000,,,,523000000.000,,,,447000000.000,,,,394000000.000,,,,288000000.000,,,,236000000.000,
PropertyPlantAndEquipmentAdditions,,,,,,,,,635000000.000,,,,878000000.000,,,,800000000.000,,,,,,,,,
ProvisionForDoubtfulAccounts,34000000.000,,,,18000000.000,,,,32000000.000,,,,-4000000.000,,,,-2000000.000,,,,11000000.000,,,,-2000000.000,
ProvisionForLoanLeaseAndOtherLosses,,,,,,,,,9000000.000,,,,7000000.000,,,,1000000.000,,,,,,,,,
ReclassificationFromAccumulatedOtherComprehensiveIncomeCurrentPeriodNetOfTax,,,,,,,,,,,,,125000000.000,,,,-138000000.000,,,,,,,,,
ReclassificationFromAociCurrentPeriodNetOfTaxAttributableToParent,,,,,,,,,,,,,,,,,,,,,,,,,53000000.000,
RepaymentsOfLongTermDebtAndCapitalSecurities,138000000.000,,,,100000000.000,,,,114000000.000,,,,45000000.000,,,,911000000.000,,,,2155000000.000,,,,27000000.000,
ResearchAndDevelopmentExpense,798000000.000,815000000.000,812000000.000,829000000.000,786000000.000,850000000.000,854000000.000,909000000.000,794000000.000,815000000.000,797000000.000,729000000.000,811000000.000,873000000.000,887000000.000,876000000.000,825000000.000,850000000.000,893000000.000,934000000.000,292000000.000,301000000.000,298000000.000,318000000.000,296000000.000,314000000.000
RestructuringAndRelatedCostCostIncurredToDate,4003000000.000,,,,4528000000.000,,,,6583000000.000,,,,7465000000.000,,,,,,,,,,,,,
RestructuringCharges,158000000.000,158000000.000,150000000.000,179000000.000,40000000.000,53000000.000,1795000000.000,378000000.000,130000000.000,408000000.000,81000000.000,371000000.000,114000000.000,252000000.000,649000000.000,604000000.000,146000000.000,255000000.000,25000000.000,591000000.000,20000000.000,,,,32000000.000,
RestructuringReserveAccrualAdjustment1,,,,,,,,,,,,,,,,,,,,,,,,,1000000.000,
RestructuringReservePeriodExpense,158000000.000,158000000.000,150000000.000,179000000.000,40000000.000,53000000.000,1795000000.000,,,,,,,,,,,,,,,,,,,
RestructuringReservePeriodIncreaseDecrease,-272000000.000,,,,-174000000.000,,,,-237000000.000,,,,-381000000.000,,,,-483000000.000,,,,,,,,,
RestructuringReserveSettledWithCash,272000000.000,,,,174000000.000,,,,237000000.000,,,,,,,,,,,,,,,,,
Revenues,32302000000.000,31632000000.000,31189000000.000,32122000000.000,30036000000.000,30693000000.000,29669000000.000,29959000000.000,28359000000.000,27582000000.000,27226000000.000,29131000000.000,28154000000.000,27309000000.000,27585000000.000,28406000000.000,26839000000.000,25453000000.000,25349000000.000,25714000000.000,12246000000.000,11588000000.000,11892000000.000,12512000000.000,12684000000.000,12385000000.000
RevenuesFromTransactionsWithOtherOperatingSegmentsOfSameEntity,,,,,,,,,-561000000.000,-733000000.000,-776000000.000,,,,,,,,,,,,,,,
SalesRevenueGoodsNet,22194000000.000,21055000000.000,20412000000.000,21096000000.000,19511000000.000,19962000000.000,19053000000.000,19361000000.000,18270000000.000,17458000000.000,17375000000.000,19295000000.000,18770000000.000,17752000000.000,18190000000.000,19014000000.000,18161000000.000,17019000000.000,16760000000.000,17092000000.000,11732000000.000,,,,,
SalesRevenueNet,32302000000.000,31632000000.000,31189000000.000,32122000000.000,30036000000.000,30693000000.000,29669000000.000,29959000000.000,28359000000.000,27582000000.000,27226000000.000,29131000000.000,28154000000.000,27309000000.000,27585000000.000,28406000000.000,26839000000.000,25453000000.000,25349000000.000,25714000000.000,12246000000.000,11588000000.000,11892000000.000,12512000000.000,12684000000.000,12385000000.000
SalesRevenueServicesNet,10002000000.000,10466000000.000,10662000000.000,10909000000.000,10409000000.000,10614000000.000,10503000000.000,10482000000.000,9971000000.000,10010000000.000,9741000000.000,9731000000.000,9281000000.000,9454000000.000,9295000000.000,9297000000.000,8583000000.000,8345000000.000,8500000000.000,8534000000.000,514000000.000,,,,,
SegmentReportingReconcilingItemForOperatingProfitLossFromSegmentToConsolidatedAmount,149000000.000,-153000000.000,-114000000.000,,,,,,,,,,,,,,,,,,,,,,,
SellingGeneralAndAdministrativeExpense,3090000000.000,3397000000.000,3402000000.000,3577000000.000,3367000000.000,3540000000.000,3366000000.000,3227000000.000,3300000000.000,3342000000.000,3274000000.000,3351000000.000,3210000000.000,3391000000.000,3388000000.000,3364000000.000,3071000000.000,3063000000.000,2962000000.000,3089000000.000,1037000000.000,1002000000.000,719000000.000,1082000000.000,1017000000.000,1087000000.000
ShareBasedCompensation,180000000.000,147000000.000,148000000.000,210000000.000,175000000.000,169000000.000,150000000.000,141000000.000,184000000.000,107000000.000,107000000.000,102000000.000,170000000.000,,,,187000000.000,,,,61000000.000,,,,75000000.000,
ShareBasedCompensationArrangementByShareBasedPaymentAwardOptionsExercisesInPeriodTotalIntrinsicValue,,,,,,,,,,,,,,,,,,,,,,,14000000.000,,3000000.000,14000000.000
ShareBasedCompensationArrangementByShareBasedPaymentAwardOptionsForfeituresAndExpirationsInPeriod,,,,,,,,,,,,,,,,,,,,,,,,,226000.000,
ShareBasedCompensationArrangementByShareBasedPaymentAwardOptionsForfeituresAndExpirationsInPeriodWeightedAverageExercisePrice,,,,,,,,,,,,,,,,,,,,,,,,,16.000,
ShareBasedCompensationArrangementByShareBasedPaymentAwardOptionsGrantsInPeriod,,,,,,,,,,,,,,,,,,,,,,,,,0.000,
ShareBasedCompensationArrangementsByShareBasedPaymentAwardOptionsExercisesInPeriodWeightedAverageExercisePrice,,,,,,,,,,,,,,,,,,,,,,,,,11.000,
ShareBasedCompensationArrangementsByShareBasedPaymentAwardOptionsGrantsInPeriodWeightedAverageExercisePrice,,,,,,,,,,,,,,,,,,,,,,,,,0.000,
StockIssuedDuringPeriodSharesStockOptionsExercised,,,,,,,,,,,,,,,,,,,,,,,,,630000.000,
StockRepurchaseProgramRemainingAuthorizedRepurchaseAmount,,,,,10000000000.000,,,,8900000000.000,,,,7100000000.000,,,,,,,,,,,,,
StockRepurchasedAndRetiredDuringPeriodShares,51000000.000,65000000.000,126000000.000,17000000.000,30000000.000,13000000.000,16000000.000,8000000.000,19000000.000,36000000.000,,,21000000.000,27000000.000,16000000.000,28000000.000,36000000.000,18000000.000,11000000.000,10000000.000,68000000.000,28000000.000,4000000.000,0.000,27000000.000,13000000.000
UnrecognizedTaxBenefitsPeriodIncreaseDecrease,,,,,,,,,,,,,,,,,,,,,55000000.000,,,,10000000.000,
WeightedAverageNumberOfDilutedSharesOutstanding,2226000000.000,2184000000.000,2080000000.000,-4362000000.000,1998000000.000,1987000000.000,1971000000.000,-3982000000.000,1956000000.000,1947000000.000,1948000000.000,-3901000000.000,1935000000.000,1916000000.000,1899000000.000,-3838000000.000,1861000000.000,1836000000.000,1828000000.000,-3689000000.000,1785000000.000,1731000000.000,1725000000.000,-3498000000.000,1721000000.000,1709000000.000
WeightedAverageNumberOfSharesOutstandingBasic,2182000000.000,2150000000.000,2054000000.000,-4292000000.000,1981000000.000,1979000000.000,1971000000.000,-3957000000.000,1953000000.000,1935000000.000,1929000000.000,-3883000000.000,1907000000.000,1890000000.000,1870000000.000,-3785000000.000,1833000000.000,1814000000.000,1805000000.000,-3638000000.000,1776000000.000,1720000000.000,1711000000.000,-3477000000.000,1704000000.000,1688000000.000
WeightedAverageNumberOfSharesRestrictedStock,,,,,,,,,,,,,,,,,,,,,0.000,,,,,
