,2011-03-31,2011-06-30,2011-09-30,2011-12-31,2012-03-31,2012-06-30,2012-09-30,2012-12-31,2013-03-31,2013-06-30,2013-09-30,2013-12-31,2014-03-31,2014-06-30,2014-09-30,2014-12-31,2015-03-31,2015-06-30,2015-09-30,2015-12-31,2016-03-31,2016-06-30,2016-09-30,2016-12-31,2017-03-31,2017-06-30
AdjustmentsNoncashItemsToReconcileNetIncomeLossToCashProvidedByUsedInOperatingActivitiesOther,10200000.000,,,,,,,,,,,,,,,,,,,,,,,,,
AdjustmentsRelatedToTaxWithholdingForShareBasedCompensation,,,,,22700000.000,,,,19400000.000,,,,14600000.000,,,,17100000.000,,,,22300000.000,,,,37700000.000,
AdjustmentsToAdditionalPaidInCapitalSharebasedCompensationRequisiteServicePeriodRecognitionValue,15900000.000,,,,14000000.000,,,,26800000.000,,,,32800000.000,,,,32000000.000,,,,48000000.000,,,,30200000.000,
AdjustmentsToAdditionalPaidInCapitalTaxEffectFromShareBasedCompensation,,,,,,,,,,,,,,,,,8500000.000,,,,,,,,,
AmortizationOfFinancingCostsAndDiscounts,1900000.000,,,,-1700000.000,,,,1400000.000,,,,1000000.000,,,,1400000.000,,,,1400000.000,,,,1400000.000,
AmountOfDilutiveSecuritiesStockOptionsAndRestrictiveStockUnits,,,,,,,,,,,,,,,,,,7100000.000,7900000.000,,,,,,,
AntidilutiveSecuritiesExcludedFromComputationOfEarningsPerShareAmount,,0.000,0.000,,70400000.000,0.000,,,36200000.000,0.000,17300000.000,,6800000.000,0.000,0.000,,,,,,,,,,,
AvailableForSaleSecuritiesChangeInNetUnrealizedHoldingGainLoss,,,,,,,41300000.000,,,,,,,,,,,,,,,,,,,
BusinessCombinationSeparatelyRecognizedTransactionsExpensesAndLossesRecognized,,,,,,,,,,,,,,,,,,,,,0.000,,,,,
CashAcquiredFromAcquisition,,,,,,,,,-4100000.000,,,,10200000.000,,,,,,,,3300000.000,,,,,
CashAndCashEquivalentsPeriodIncreaseDecrease,-835500000.000,,,,-729600000.000,,,,-929100000.000,,,,-865800000.000,,,,-926300000.000,,,,-829500000.000,,,,,
CashFlowHedgeGainLossToBeReclassifiedWithinTwelveMonths,,,,,,0.000,,,-1800000.000,,,,,,,,,,,,,,,,,
CommonStockDividendsPerShareDeclared,0.060,0.060,0.060,0.060,0.060,0.060,0.060,0.060,0.075,0.075,0.075,0.075,0.095,0.095,0.095,0.095,0.120,0.120,0.120,0.120,0.150,0.150,0.150,0.150,0.180,0.180
ComprehensiveIncomeNetOfTax,,131800000.000,76000000.000,,900000.000,115400000.000,82300000.000,185800000.000,-93700000.000,12800000.000,74400000.000,151200000.000,-20600000.000,127200000.000,-22400000.000,167400000.000,-129800000.000,150100000.000,-15500000.000,240900000.000,63500000.000,147100000.000,63100000.000,217900000.000,74600000.000,129900000.000
ComprehensiveIncomeNetOfTaxAttributableToNoncontrollingInterest,,4500000.000,4400000.000,,-2200000.000,2000000.000,-3300000.000,20300000.000,-3400000.000,1500000.000,700000.000,18300000.000,-2100000.000,4000000.000,3400000.000,20400000.000,-3200000.000,2700000.000,800000.000,21400000.000,-2200000.000,2700000.000,5400000.000,17000000.000,-2900000.000,100000.000
ComprehensiveIncomeNetOfTaxIncludingPortionAttributableToNoncontrollingInterest,-7800000.000,136300000.000,80400000.000,233400000.000,-1300000.000,117400000.000,79000000.000,206100000.000,-97100000.000,14300000.000,75100000.000,169500000.000,-22700000.000,131200000.000,-19000000.000,187800000.000,-133000000.000,152800000.000,-14700000.000,262300000.000,61300000.000,149800000.000,68500000.000,234900000.000,71700000.000,130000000.000
CostsAndExpenses,1520100000.000,1566700000.000,1553300000.000,1687300000.000,1546200000.000,1539300000.000,1539000000.000,1653400000.000,1585400000.000,1581400000.000,1558900000.000,1798300000.000,1649200000.000,1655600000.000,1669800000.000,1774100000.000,1668200000.000,,,,1721100000.000,1693100000.000,1715000000.000,,1724200000.000,1678400000.000
DeferredIncomeTaxExpenseBenefit,-53000000.000,,,,-51500000.000,,,,-49500000.000,,,,-22900000.000,,,,-31800000.000,,,,-28100000.000,,,,-13800000.000,
DefinedBenefitPlanRecognizedNetGainLossDueToSettlementsAndCurtailments1,,,,,,,,,,,,,,,,,,,,,,200000.000,100000.000,,,0.000
DepreciationAndAmortization,35600000.000,37700000.000,36200000.000,41400000.000,34600000.000,36800000.000,37400000.000,38900000.000,38200000.000,39200000.000,40500000.000,39500000.000,40500000.000,40200000.000,41000000.000,41300000.000,38700000.000,39500000.000,38100000.000,40700000.000,38000000.000,39800000.000,39700000.000,42700000.000,41000000.000,41300000.000
DerivativeInstrumentsGainLossReclassifiedFromAccumulatedOCIIntoIncomeEffectivePortionNet,,,,,,,0.000,,,,,,,,,,,,,,,,,,,
DerivativeInstrumentsGainLossRecognizedInOtherComprehensiveIncomeEffectivePortionNet,,,,,-2800000.000,-15800000.000,-3600000.000,,,,,,,,,,,,,,,,,,,
DilutiveSecurities,,,,,,,,,,,,,,0.000,,,,,,,,,,,,
DividendsCommonStockCash,28500000.000,,,,26200000.000,,,,31000000.000,,,,40200000.000,,,,49300000.000,,,,59900000.000,,,,70900000.000,
DividendsPreferredStockCash,2900000.000,,,,2900000.000,,,,2900000.000,,,,,,,,,,,,,,,,,
EarningsPerShareBasic,,0.210,0.450,,,0.230,0.160,,,0.190,0.110,,,0.240,0.210,,,0.300,0.180,,0.010,0.390,0.320,0.810,0.050,0.240
EarningsPerShareBasicAndDiluted,,,,,-0.100,,,,-0.140,,,,-0.050,,,,0.000,,,,,,,,,
EarningsPerShareDiluted,,0.190,0.400,,,0.220,0.150,,,0.180,0.110,,,0.230,0.210,,,0.290,0.180,,0.010,0.380,0.320,0.780,0.050,0.240
EffectOfExchangeRateOnCashAndCashEquivalents,28400000.000,,,,19200000.000,,,,-10100000.000,,,,-2300000.000,,,,-58300000.000,,,,36700000.000,,,,20000000.000,
EffectiveIncomeTaxRateContinuingOperations,,0.305,0.245,,0.294,0.323,0.390,-0.691,0.175,0.419,0.369,-0.576,0.071,0.387,0.413,-0.571,0.250,0.387,0.440,-0.706,,0.212,0.325,,,0.443
ExcessTaxBenefitFromShareBasedCompensationFinancingActivities,,,,,,,,,,,,,3300000.000,,,,8500000.000,,,,0.000,,,,,
ExcessTaxBenefitFromShareBasedCompensationOperatingActivities,,,,,,,,,,,,,,,,,,,,,7500000.000,,,,,
GainLossOnCashFlowHedgeIneffectivenessNet,,,,,0.000,-100000.000,0.000,,,,,,,,,,,,,,,,,,,
GainLossOnInvestments,,,,,,,,,,,,,,,,,,-100000.000,-37600000.000,,,,,,,
GainLossOnSaleOfBusiness,,,,,,,,,,,,,,,,,,,,,-16300000.000,,,,900000.000,
GainsLossesOnExtinguishmentOfDebt,,,,,,,,,,,-45200000.000,,,-10400000.000,0.000,,,,,,,,,,,
GeneralAndAdministrativeExpense,439200000.000,470800000.000,465500000.000,548800000.000,441300000.000,450400000.000,474700000.000,519600000.000,453300000.000,461200000.000,465300000.000,538100000.000,460600000.000,485400000.000,474600000.000,507500000.000,453000000.000,455100000.000,471400000.000,505500000.000,450200000.000,464100000.000,486200000.000,470000000.000,448800000.000,439100000.000
IncomeLossFromContinuingOperationsBeforeIncomeTaxesExtraordinaryItemsNoncontrollingInterest,,,,,-64900000.000,,,,,,,,,,,,,,,,,,,,,
IncomeLossFromContinuingOperationsBeforeIncomeTaxesMinorityInterestAndIncomeLossFromEquityMethodInvestments,-75000000.000,155900000.000,287100000.000,370400000.000,-65300000.000,155100000.000,108200000.000,476800000.000,-71000000.000,147900000.000,77000000.000,314100000.000,-24000000.000,168600000.000,157500000.000,418600000.000,-5600000.000,201000000.000,139000000.000,427800000.000,-13000000.000,205800000.000,196300000.000,441100000.000,14800000.000,170100000.000
IncomeLossFromEquityMethodInvestments,300000.000,600000.000,800000.000,1600000.000,400000.000,500000.000,1400000.000,800000.000,100000.000,200000.000,600000.000,1200000.000,-100000.000,400000.000,300000.000,600000.000,0.000,500000.000,100000.000,500000.000,100000.000,-1900000.000,200000.000,1900000.000,1200000.000,-100000.000
IncomeTaxExpenseBenefit,-21500000.000,47600000.000,70400000.000,93700000.000,-19200000.000,50100000.000,41900000.000,140500000.000,-12400000.000,62000000.000,28400000.000,103200000.000,-1700000.000,65300000.000,65000000.000,87900000.000,-1400000.000,77700000.000,61100000.000,145400000.000,-15600000.000,43700000.000,63800000.000,106100000.000,-2100000.000,75400000.000
IncreaseDecreaseInAccountsPayable,-429600000.000,,,,-808400000.000,,,,-898200000.000,,,,-905600000.000,,,,-946100000.000,,,,-981100000.000,,,,-702500000.000,
IncreaseDecreaseInAccountsReceivable,-369400000.000,,,,-742300000.000,,,,-567400000.000,,,,-557600000.000,,,,-460500000.000,,,,-686500000.000,,,,-806600000.000,
IncreaseDecreaseInAccruedLiabilities,-523800000.000,,,,-150900000.000,,,,-131800000.000,,,,-173300000.000,,,,-173300000.000,,,,-198800000.000,,,,-264900000.000,
IncreaseDecreaseInInventories,123200000.000,,,,193700000.000,,,,206200000.000,,,,154000000.000,,,,111100000.000,,,,137300000.000,,,,206300000.000,
IncreaseDecreaseInOtherOperatingCapitalNet,22800000.000,,,,23200000.000,,,,3600000.000,,,,21800000.000,,,,30400000.000,,,,41000000.000,,,,21200000.000,
IncreaseDecreaseInPrepaidDeferredExpenseAndOtherAssets,28600000.000,,,,34100000.000,,,,53200000.000,,,,47700000.000,,,,31000000.000,,,,59200000.000,,,,71600000.000,
IncrementalCommonSharesAttributableToConversionOfPreferredStock,,16200000.000,16500000.000,,,16700000.000,0.000,,,17100000.000,,,,,,,,,,,,,,,,
IncrementalCommonSharesAttributableToShareBasedPaymentArrangements,,8800000.000,7600000.000,,,6900000.000,8100000.000,,,6100000.000,6400000.000,,6800000.000,,,,6300000.000,,,,8700000.000,9700000.000,10200000.000,-18500000.000,7600000.000,8000000.000
InterestExpense,31900000.000,33100000.000,32900000.000,38900000.000,32600000.000,32700000.000,31600000.000,36600000.000,36800000.000,37500000.000,23700000.000,24700000.000,20200000.000,22600000.000,20700000.000,21400000.000,20900000.000,20300000.000,21300000.000,23300000.000,22600000.000,24500000.000,21700000.000,21800000.000,20900000.000,25700000.000
InterestIncomeDepositsWithFinancialInstitutions,,,,,,,,,,,,,,,,,7200000.000,5000000.000,5600000.000,5000000.000,5800000.000,5600000.000,4700000.000,4000000.000,5200000.000,4700000.000
InvestmentIncomeInterest,8300000.000,9700000.000,9700000.000,10100000.000,8000000.000,6700000.000,6700000.000,8100000.000,6400000.000,5800000.000,5800000.000,6700000.000,6200000.000,6600000.000,-7500000.000,22100000.000,,,,,,,,,,
LaborAndRelatedExpense,1080100000.000,1095700000.000,1088000000.000,1138300000.000,1104900000.000,1088900000.000,1064300000.000,1133800000.000,1132100000.000,1120200000.000,1093600000.000,1199600000.000,1188600000.000,1170200000.000,1195200000.000,1266400000.000,1215200000.000,1205200000.000,1202200000.000,1235100000.000,1270900000.000,1229000000.000,1228800000.000,1309400000.000,1275400000.000,1239300000.000
LineOfCreditFacilityIncreaseDecreaseForPeriodNet,,,,,,,,,,,,,250000000.000,,,,250000000.000,,,,,,,,,
MinorityInterestChangeInRedemptionValue,-9400000.000,,,,3300000.000,,,,900000.000,,,,1900000.000,,,,-5800000.000,,,,-3800000.000,,,,-3300000.000,
MinorityInterestDecreaseFromDistributionsToNoncontrollingInterestHolders,3100000.000,,,,1800000.000,,,,1200000.000,,,,5700000.000,,,,1200000.000,,,,4000000.000,,,,6400000.000,
MinorityInterestDecreaseFromRedemptions,,,,,13000000.000,,,,1300000.000,,,,1900000.000,,,,-15700000.000,,,,-9000000.000,,,,12700000.000,
MinorityInterestPeriodIncreaseDecrease,-3300000.000,,,,-800000.000,,,,,,,,,,,,,,,,,,,,,
NetCashProvidedByUsedInFinancingActivities,-45400000.000,,,,-229000000.000,,,,-104100000.000,,,,-90700000.000,,,,-51100000.000,,,,-157900000.000,,,,64400000.000,
NetCashProvidedByUsedInFinancingActivitiesContinuingOperations,-45400000.000,,,,-229000000.000,,,,-104100000.000,,,,-90700000.000,,,,-51100000.000,,,,-157900000.000,,,,64400000.000,
NetCashProvidedByUsedInInvestingActivities,-16800000.000,,,,-21300000.000,,,,-39800000.000,,,,-47100000.000,,,,-20000000.000,,,,-59200000.000,,,,-33200000.000,
NetCashProvidedByUsedInInvestingActivitiesContinuingOperations,-16800000.000,,,,-21300000.000,,,,-39800000.000,,,,-47100000.000,,,,-20000000.000,,,,-59200000.000,,,,-33200000.000,
NetCashProvidedByUsedInOperatingActivities,-801700000.000,,,,-498500000.000,,,,-775100000.000,,,,-725700000.000,,,,-796900000.000,,,,-649100000.000,,,,-371800000.000,
NetCashProvidedByUsedInOperatingActivitiesContinuingOperations,-801700000.000,,,,-498500000.000,,,,-775100000.000,,,,-725700000.000,,,,-796900000.000,,,,-649100000.000,,,,-371800000.000,
NetIncomeLoss,-45200000.000,104600000.000,211000000.000,261900000.000,-43000000.000,101900000.000,71600000.000,316200000.000,-56300000.000,82800000.000,48300000.000,193100000.000,-20900000.000,99400000.000,89700000.000,308900000.000,-1800000.000,121200000.000,74900000.000,260300000.000,5400000.000,156900000.000,128600000.000,317600000.000,21500000.000,94700000.000
NetIncomeLossAttributableToNoncontrollingInterest,-8000000.000,4300000.000,6500000.000,16400000.000,-2700000.000,3600000.000,-3900000.000,20900000.000,-2200000.000,3300000.000,900000.000,19000000.000,-1500000.000,4300000.000,3100000.000,22400000.000,-2400000.000,2600000.000,3100000.000,22600000.000,-2700000.000,3300000.000,4100000.000,19300000.000,-3400000.000,-100000.000
NetIncomeLossAvailableToCommonStockholdersBasic,-48100000.000,101700000.000,208100000.000,259000000.000,-45900000.000,99000000.000,68700000.000,313300000.000,-59200000.000,79900000.000,45400000.000,193100000.000,-20900000.000,99400000.000,89700000.000,308900000.000,,,,,,,,,,
NetIncomeLossAvailableToCommonStockholdersDiluted,,106000000.000,212400000.000,,,102900000.000,69700000.000,,,82800000.000,45400000.000,,,99400000.000,,,,,,,,,,,,
NonoperatingIncomeExpense,-29700000.000,-18100000.000,113900000.000,-14900000.000,-25900000.000,-21300000.000,-23200000.000,66900000.000,-28600000.000,-26900000.000,-64500000.000,-10300000.000,-12300000.000,-27200000.000,-13800000.000,-14400000.000,-13400000.000,-14800000.000,-52900000.000,-28600000.000,-33900000.000,-19000000.000,-10900000.000,-44000000.000,-14900000.000,-36400000.000
NumberOfBusinessesAcquired,,,,,,,,,6.000,,,,2.000,,,,,,,,,,,,,
OperatingExpenses,,,,,,,,,,,,,,,,,,1660300000.000,1673600000.000,,,,,,,
OperatingIncomeLoss,-45300000.000,174000000.000,173200000.000,385300000.000,-39400000.000,176400000.000,131400000.000,409900000.000,-42400000.000,174800000.000,141500000.000,324400000.000,-11700000.000,195800000.000,171300000.000,433000000.000,7800000.000,215800000.000,191900000.000,456400000.000,20900000.000,224800000.000,207200000.000,485100000.000,29700000.000,206500000.000
OtherComprehensiveIncomeAvailableForSaleSecuritiesAdjustmentBeforeTaxPeriodIncreaseDecrease,,,,,1100000.000,,,,,,,,,,,,,,,,,,,,,
OtherComprehensiveIncomeAvailableForSaleSecuritiesAdjustmentNetOfTaxPeriodIncreaseDecrease,500000.000,,,,1100000.000,,,,,,,,,,,,,,,,,,,,,
OtherComprehensiveIncomeAvailableForSaleSecuritiesTax,,,,,0.000,,,,,,,,,,,,,,,,,,,,,
OtherComprehensiveIncomeDefinedBenefitPlansAdjustmentBeforeTaxPeriodIncreaseDecrease,,,,,1500000.000,,,,,,,,,,,,,,,,,,,,,
OtherComprehensiveIncomeDefinedBenefitPlansAdjustmentNetOfTaxPeriodIncreaseDecrease,1200000.000,4800000.000,1200000.000,-24500000.000,1000000.000,,,,,,,,,,,,,,,,,,,,,
OtherComprehensiveIncomeDefinedBenefitPlansNetUnamortizedGainLossArisingDuringPeriodBeforeTax,,,,,300000.000,,,,,,,,,,,,,,,,,,,,,
OtherComprehensiveIncomeDefinedBenefitPlansNetUnamortizedGainLossArisingDuringPeriodNetOfTax,,,,,-200000.000,,,,,,,,,,,,,,,,,,,,,
OtherComprehensiveIncomeDefinedBenefitPlansNetUnamortizedGainLossArisingDuringPeriodTax,,,,,-100000.000,,,,,,,,,,,,,,,,,,,,,
OtherComprehensiveIncomeDefinedBenefitPlansTax,,,,,500000.000,,,,,,,,,,,,,,,,,,,,,
OtherComprehensiveIncomeForeignCurrencyTransactionAndTranslationAdjustmentBeforeTaxPeriodIncreaseDecrease,,,,,45300000.000,,,,,,,,,,,,,,,,,,,,,
OtherComprehensiveIncomeForeignCurrencyTransactionAndTranslationAdjustmentNetOfTaxPeriodIncreaseDecrease,43700000.000,22300000.000,-137800000.000,-20300000.000,45100000.000,,,,,,,,,,,,,,,,,,,,,
OtherComprehensiveIncomeForeignCurrencyTransactionAndTranslationGainLossBeforeReclassificationAndTax,,,,,,,,,-37600000.000,,,,-400000.000,,,,-134300000.000,26100000.000,-109000000.000,,49500000.000,,,,50100000.000,
OtherComprehensiveIncomeForeignCurrencyTranslationAdjustmentTax,,,,,200000.000,,,,,,,,,,,,,,,,,,,,,
OtherComprehensiveIncomeLossAvailableForSaleSecuritiesAdjustmentBeforeReclassificationAdjustmentsAndTax,,,,,,,,,400000.000,,,,100000.000,,,,200000.000,,,,100000.000,,,,100000.000,
OtherComprehensiveIncomeLossAvailableForSaleSecuritiesAdjustmentNetOfTax,,,,,,84400000.000,-25000000.000,,-500000.000,100000.000,-100000.000,100000.000,100000.000,100000.000,-100000.000,300000.000,-100000.000,,,,100000.000,-1100000.000,200000.000,,100000.000,0.000
OtherComprehensiveIncomeLossAvailableForSaleSecuritiesTax,,,,,,50600000.000,-15800000.000,,-100000.000,-100000.000,0.000,0.000,0.000,0.000,300000.000,0.000,300000.000,-200000.000,0.000,-100000.000,0.000,0.000,-100000.000,0.000,,
OtherComprehensiveIncomeLossBeforeTaxPeriodIncreaseDecrease,,,,,45100000.000,,,,,,,,,,,,,,,,,,,,,
OtherComprehensiveIncomeLossBeforeTaxPortionAttributableToParent,,,,,,,,,-38800000.000,,,,-1300000.000,,,,-129600000.000,,,,49900000.000,,,,50300000.000,
OtherComprehensiveIncomeLossForeignCurrencyTransactionAndTranslationAdjustmentBeforeTax,,,,,,,,,,,,,-1000000.000,25500000.000,-113500000.000,-105300000.000,-135100000.000,,,,50000000.000,-17800000.000,4400000.000,-92500000.000,50600000.000,32600000.000
OtherComprehensiveIncomeLossForeignCurrencyTransactionAndTranslationAdjustmentNetOfTax,,,,,,-66300000.000,37300000.000,,-38800000.000,-74500000.000,24000000.000,-28200000.000,-1900000.000,25500000.000,-113500000.000,-105300000.000,-135600000.000,25400000.000,-94100000.000,-29200000.000,55900000.000,-10300000.000,200000.000,-98000000.000,51800000.000,33300000.000
OtherComprehensiveIncomeLossForeignCurrencyTransactionAndTranslationReclassificationAdjustmentFromAOCIRealizedUponSaleOrLiquidationBeforeTax,,,,,,,,,,,0.000,,900000.000,0.000,0.000,-1800000.000,500000.000,700000.000,-14900000.000,-9600000.000,-5900000.000,-7500000.000,4200000.000,5500000.000,-1200000.000,-700000.000
OtherComprehensiveIncomeLossForeignCurrencyTransactionAndTranslationReclassificationAdjustmentFromAOCIRealizedUponSaleOrLiquidationNetOfTax,,,,,,,,,,,,,900000.000,,,,500000.000,,,,-5900000.000,,,,-1200000.000,
OtherComprehensiveIncomeLossForeignCurrencyTransactionAndTranslationReclassificationAdjustmentRealizedUponSaleOrLiquidationBeforeTax,,,,,,,,,0.000,0.000,,,,,,,,,,,,,,,,
OtherComprehensiveIncomeLossForeignCurrencyTransactionAndTranslationReclassificationAdjustmentRealizedUponSaleOrLiquidationNetOfTax,,,,,,,,,0.000,,,,,,,,,,,,,,,,,
OtherComprehensiveIncomeLossNetOfTax,,,,,,11900000.000,11300000.000,,-38600000.000,-71800000.000,25900000.000,-42600000.000,-300000.000,27500000.000,-111800000.000,-143500000.000,-128800000.000,29000000.000,-92700000.000,-20600000.000,58600000.000,-10400000.000,-64200000.000,-102000000.000,53600000.000,35400000.000
OtherComprehensiveIncomeLossNetOfTaxPeriodIncreaseDecrease,,,,,44400000.000,,,,,,,,,,,,,,,,,,,,,
OtherComprehensiveIncomeLossNetOfTaxPortionAttributableToParent,,,,,,,,,-37400000.000,,,,,,,,,,,,,,,,,
OtherComprehensiveIncomeLossPensionAndOtherPostretirementBenefitPlansAdjustmentBeforeReclassificationAdjustmentsAndTax,,,,,,,,,-1600000.000,,,,400000.000,,,,-4500000.000,,,,-300000.000,,,,-100000.000,
OtherComprehensiveIncomeLossPensionAndOtherPostretirementBenefitPlansAdjustmentBeforeTax,,,,,,,,,,,,,,,,,,300000.000,-100000.000,,,,,,,
OtherComprehensiveIncomeLossPensionAndOtherPostretirementBenefitPlansAdjustmentNetOfTax,,,,,,-1900000.000,-1100000.000,,-500000.000,-2300000.000,-1700000.000,14700000.000,-1600000.000,-1600000.000,-1500000.000,38800000.000,-6600000.000,-3100000.000,-1400000.000,-7500000.000,-2300000.000,-700000.000,64900000.000,4400000.000,-1400000.000,-1700000.000
OtherComprehensiveIncomeLossPensionAndOtherPostretirementBenefitPlansNetUnamortizedGainLossArisingDuringPeriodBeforeTax,,,,,,1300000.000,0.000,,-1100000.000,1100000.000,0.000,-20600000.000,-300000.000,0.000,0.000,-55200000.000,4400000.000,1300000.000,2800000.000,5700000.000,200000.000,600000.000,-79200000.000,-7000000.000,0.000,800000.000
OtherComprehensiveIncomeLossPensionAndOtherPostretirementBenefitPlansTax,,,,,,-1200000.000,-600000.000,,-700000.000,-1300000.000,-800000.000,1500000.000,-600000.000,-700000.000,-1000000.000,12700000.000,-900000.000,-1300000.000,-2600000.000,-1600000.000,-700000.000,200000.000,13000000.000,2800000.000,-100000.000,-500000.000
OtherComprehensiveIncomeLossReclassificationAdjustmentForSaleOfSecuritiesIncludedInNetIncomeBeforeTax,,,,,,0.000,0.000,,-1000000.000,-400000.000,,,,,,,,,,,,,,,,
OtherComprehensiveIncomeLossReclassificationAdjustmentForSaleOfSecuritiesIncludedInNetIncomeNetOfTax,,,,,,,,,-900000.000,,,,,,,,,,,,,,,,,
OtherComprehensiveIncomeLossReclassificationAdjustmentFromAOCIForSaleOfSecuritiesBeforeTax,,,,,,,,,,,0.000,,0.000,0.000,0.000,0.000,,,,,,1200000.000,100000.000,,,0.000
OtherComprehensiveIncomeLossReclassificationAdjustmentFromAOCIForSaleOfSecuritiesNetOfTax,,,,,,,,,,,,,0.000,,,,300000.000,,,,0.000,,,,0.000,
OtherComprehensiveIncomeLossReclassificationAdjustmentFromAOCIOnDerivativesBeforeTax,,,,,,,,,,,-400000.000,,-400000.000,-500000.000,-500000.000,-500000.000,-500000.000,-500000.000,500000.000,-1500000.000,-500000.000,-500000.000,-500000.000,-500000.000,-500000.000,-600000.000
OtherComprehensiveIncomeLossReclassificationAdjustmentFromAOCIOnDerivativesNetOfTax,,,,,,,,,,,,,-500000.000,,,,-300000.000,,,,-300000.000,,,,-300000.000,
OtherComprehensiveIncomeLossReclassificationAdjustmentFromAOCIPensionAndOtherPostretirementBenefitPlansBeforeTax,,,,,,,,,,,,,,,,,,3200000.000,1300000.000,,,-200000.000,1200000.000,,1700000.000,1800000.000
OtherComprehensiveIncomeLossReclassificationAdjustmentFromAOCIPensionAndOtherPostretirementBenefitPlansForNetGainLossBeforeTax,,,,,,,,,,,,,,,,,,-200000.000,200000.000,,,,,,,
OtherComprehensiveIncomeLossReclassificationAdjustmentFromAOCIPensionAndOtherPostretirementBenefitPlansForNetGainLossNetOfTax,,,,,,,,,,,,,-2000000.000,,,,-2100000.000,,,,-2000000.000,,,,-1300000.000,
OtherComprehensiveIncomeLossReclassificationAdjustmentFromAOCIPensionAndOtherPostretirementBenefitPlansForNetTransitionAssetObligationBeforeTax,,,,,,,,,,,-2700000.000,,-2600000.000,-2400000.000,-2600000.000,-2400000.000,-3000000.000,-3400000.000,-1100000.000,-3100000.000,-2700000.000,0.000,-1300000.000,-1400000.000,-1700000.000,-1800000.000
OtherComprehensiveIncomeLossReclassificationAdjustmentOnDerivativesIncludedInNetIncomeBeforeTax,,,,,,,,,400000.000,500000.000,,,,,,,,,,,,,,,,
OtherComprehensiveIncomeLossReclassificationAdjustmentOnDerivativesIncludedInNetIncomeNetOfTax,,,,,,,,,200000.000,,,,,,,,,,,,,,,,,
OtherComprehensiveIncomeLossTax,,,,,700000.000,,,,-800000.000,-1400000.000,900000.000,-1100000.000,500000.000,900000.000,1500000.000,6700000.000,1400000.000,1300000.000,3300000.000,-13100000.000,900000.000,0.000,1300000.000,-4300000.000,600000.000,600000.000
OtherComprehensiveIncomeReclassificationAdjustmentForSaleOfSecuritiesIncludedInNetIncomeBeforeTax,,,,,-600000.000,,,,,,,,,,,,,,,,,,,,,
OtherComprehensiveIncomeReclassificationAdjustmentForSaleOfSecuritiesIncludedInNetIncomeNetOfTax,,,,,-600000.000,,,,,,,,,,,,,,,,,,,,,
OtherComprehensiveIncomeReclassificationAdjustmentForSaleOfSecuritiesIncludedInNetIncomeTax,,,,,0.000,,,,,,,,,,,,,,,,,,,,,
OtherComprehensiveIncomeReclassificationOfDefinedBenefitPlanNetTransitionAssetObligationRecognizedInNetPeriodicBenefitCostBeforeTax,,,,,1900000.000,1800000.000,2000000.000,2000000.000,2800000.000,2700000.000,,,,,,,,,,,,,,,,
OtherComprehensiveIncomeReclassificationOfDefinedBenefitPlanNetTransitionAssetObligationRecognizedInNetPeriodicBenefitCostNetOfTax,,,,,1300000.000,,,,,,,,,,,,,,,,,,,,,
OtherComprehensiveIncomeReclassificationOfDefinedBenefitPlansNetGainLossRecognizedInNetPeriodicBenefitCostNetOfTax,,,,,,,,,2100000.000,,,,,,,,,,,,,,,,,
OtherComprehensiveIncomeReclassificationOfDefinedBenefitPlantNetTransitionAssetObligationRecognizedInNetPeriodicBenefitCostTax,,,,,-600000.000,,,,,,,,,,,,,,,,,,,,,
OtherComprehensiveIncomeUnrealizedGainLossOnDerivativesArisingDuringPeriodBeforeTax,,,,,-2800000.000,-15800000.000,-3600000.000,300000.000,0.000,0.000,0.000,0.000,-600000.000,0.000,0.000,0.000,0.000,0.000,0.000,0.000,0.000,,,,0.000,
OtherComprehensiveIncomeUnrealizedGainLossOnDerivativesArisingDuringPeriodNetOfTax,,,,,-2800000.000,-8100000.000,-2100000.000,300000.000,200000.000,300000.000,300000.000,200000.000,-100000.000,300000.000,300000.000,300000.000,300000.000,300000.000,200000.000,500000.000,300000.000,300000.000,300000.000,300000.000,300000.000,400000.000
OtherComprehensiveIncomeUnrealizedGainLossOnDerivativesArisingDuringPeriodTax,,,,,0.000,-7700000.000,-1500000.000,300000.000,200000.000,200000.000,100000.000,200000.000,-100000.000,200000.000,200000.000,200000.000,200000.000,200000.000,-700000.000,1000000.000,200000.000,200000.000,200000.000,200000.000,200000.000,200000.000
OtherComprehensiveIncomeUnrealizedHoldingGainLossOnSecuritiesArisingDuringPeriodBeforeTax,,,,,500000.000,135000000.000,-40800000.000,-94300000.000,400000.000,400000.000,-100000.000,100000.000,100000.000,100000.000,200000.000,300000.000,200000.000,0.000,-200000.000,500000.000,100000.000,100000.000,200000.000,100000.000,100000.000,0.000
OtherComprehensiveIncomeUnrealizedHoldingGainLossOnSecuritiesArisingDuringPeriodNetOfTax,,300000.000,-500000.000,,500000.000,,,,,,,,,,,,,200000.000,-200000.000,,,,,,,
OtherComprehensiveIncomeUnrealizedHoldingGainLossOnSecuritiesArisingDuringPeriodTax,,,,,0.000,,,,,,,,,,,,,,,,,,,,,
OtherNoncashIncomeExpense,,,,,-10400000.000,,,,400000.000,,,,-4000000.000,,,,-10900000.000,,,,-25200000.000,,,,-6700000.000,
OtherNonoperatingExpense,,-2200000.000,-300000.000,,300000.000,-600000.000,-100000.000,3400000.000,600000.000,-4000000.000,700000.000,-100000.000,600000.000,1300000.000,1000000.000,-6800000.000,400000.000,300000.000,300000.000,,800000.000,,,,,
OtherNonoperatingIncome,,,,,,,,,,,,,,,,,,,,,,2100000.000,2200000.000,,-200000.000,-2300000.000
OtherNonoperatingIncomeExpense,-6100000.000,5300000.000,137100000.000,13900000.000,-1300000.000,4700000.000,1700000.000,95400000.000,1800000.000,4800000.000,-46600000.000,7700000.000,1700000.000,-11200000.000,600000.000,-1300000.000,300000.000,500000.000,-37200000.000,-10300000.000,-17100000.000,-100000.000,6100000.000,-26200000.000,800000.000,-15400000.000
PaymentsForPreviousAcquisition,,,,,,,,,,,,,,,,,2400000.000,,,,0.000,,,,,
PaymentsForProceedsFromOtherInvestingActivities,200000.000,,,,-2000000.000,,,,-1800000.000,,,,-1600000.000,,,,-200000.000,,,,5200000.000,,,,5100000.000,
PaymentsForRepurchaseOfCommonStock,10500000.000,,,,52500000.000,,,,75800000.000,,,,44900000.000,,,,51200000.000,,,,53700000.000,,,,55000000.000,
PaymentsOfDividendsCommonStock,28500000.000,,,,26200000.000,,,,31000000.000,,,,40200000.000,,,,49300000.000,,,,59900000.000,,,,70900000.000,
PaymentsOfDividendsPreferredStockAndPreferenceStock,2900000.000,,,,2900000.000,,,,2900000.000,,,,0.000,,,,,,,,,,,,,
PaymentsRelatedToTaxWithholdingForShareBasedCompensation,,,,,,,,,,,,,,,,,,,,,19500000.000,,,,36700000.000,
PaymentsToAcquireAdditionalInterestInSubsidiaries,,32900000.000,,,,,,,,,,,,,,,,,,,,,,,,
PaymentsToAcquireBusinessesGross,,,,,,,,,,,,,,,,,,,,,27000000.000,,,,,
PaymentsToAcquireBusinessesNetOfCashAcquired,2100000.000,,,,2100000.000,,,,34900000.000,,,,22100000.000,,,,0.000,,,,27000000.000,,,,3300000.000,
PaymentsToAcquirePropertyPlantAndEquipment,16900000.000,36200000.000,30200000.000,57000000.000,22400000.000,35800000.000,41100000.000,69900000.000,17800000.000,29000000.000,44800000.000,81400000.000,26600000.000,32100000.000,35700000.000,-243100000.000,20200000.000,29600000.000,30900000.000,80400000.000,27000000.000,36000000.000,51500000.000,86200000.000,24800000.000,44100000.000
PaymentsToMinorityShareholders,3100000.000,,,,1800000.000,,,,1200000.000,,,,5700000.000,,,,1200000.000,,,,4000000.000,,,,6000000.000,
PreferredStockDividends,2900000.000,,,,,,,,,,,,,,,,,,,,,,,,,
PreferredStockDividendsIncomeStatementImpact,,2900000.000,2900000.000,,2900000.000,2900000.000,2900000.000,2900000.000,2900000.000,2900000.000,2900000.000,0.000,0.000,0.000,0.000,0.000,,,,,,,,,,
PreferredStockDividendsShares,,,,,,,,,,,,,,0.000,,,,,,,,,,,,
ProceedsFromDivestitureOfBusinessesNetOfCashDivested,2400000.000,,,,1200000.000,,,,,,,,,,,,,,,,,,,,,
ProceedsFromIssuanceOfLongTermDebt,,,,,246800000.000,,,,0.000,,,,,,,,,,,,,,,,,
ProceedsFromPaymentsForOtherFinancingActivities,-3800000.000,,,,-1000000.000,,,,300000.000,,,,600000.000,,,,1100000.000,,,,-100000.000,,,,0.000,
ProceedsFromRepaymentsOfShortTermDebt,-5000000.000,,,,3800000.000,,,,-11400000.000,,,,-6700000.000,,,,34300000.000,,,,-24600000.000,,,,224800000.000,
ProceedsFromSaleAndMaturityOfMarketableSecurities,,,,,,,,,11100000.000,,,,0.000,,,,,,,,,,,,,
ProceedsFromStockOptionsExercised,8400000.000,,,,4900000.000,,,,18100000.000,,,,6200000.000,,,,9100000.000,,,,3900000.000,,,,8200000.000,
ProfitLoss,-53200000.000,108900000.000,217500000.000,278300000.000,-45700000.000,105500000.000,67700000.000,337100000.000,-58500000.000,86100000.000,49200000.000,212100000.000,-22400000.000,103700000.000,92800000.000,331300000.000,-4200000.000,123800000.000,78000000.000,282900000.000,2700000.000,160200000.000,132700000.000,336900000.000,18100000.000,94600000.000
ProvisionForDoubtfulAccounts,3500000.000,,,,6700000.000,,,,3800000.000,,,,3800000.000,,,,2700000.000,,,,3200000.000,,,,5900000.000,
ReclassificationFromAccumulatedOtherComprehensiveIncomeCurrentPeriodNetOfTax,,,,,,,,,,,,,,,,,-1600000.000,1900000.000,-13200000.000,,-8200000.000,-6800000.000,,,-2800000.000,
RepaymentsOfLongTermDebt,,,,,400100000.000,,,,200000.000,,,,,,,,,,,,,,,,,
RestructuringCharges,800000.000,200000.000,-200000.000,200000.000,0.000,,,,,,,,,,,,,,,,,,,,,
Revenues,1474800000.000,1740700000.000,1726500000.000,2072600000.000,1506800000.000,1715700000.000,1670400000.000,2063300000.000,1543000000.000,1756200000.000,1700400000.000,2122700000.000,1637500000.000,1851400000.000,1841100000.000,2207100000.000,1676000000.000,1876100000.000,1865500000.000,2196200000.000,1742000000.000,1917900000.000,1922200000.000,2264500000.000,1753900000.000,1884900000.000
SalesRevenueNet,1474800000.000,1740700000.000,1726500000.000,2072600000.000,1506800000.000,1715700000.000,1670400000.000,2063300000.000,1543000000.000,1756200000.000,1700400000.000,2122700000.000,1637500000.000,1851400000.000,1841100000.000,2207100000.000,1676000000.000,1876100000.000,1865500000.000,2196200000.000,1742000000.000,1917900000.000,1922200000.000,2264500000.000,1753900000.000,1884900000.000
ShareBasedCompensation,15700000.000,,,,16700000.000,,,,15500000.000,,,,15100000.000,,,,16800000.000,,,,23100000.000,,,,29700000.000,
ShareBasedCompensationArrangementByShareBasedPaymentAwardSharesIssuedInPeriod,,,,,3000000.000,,,,3100000.000,,,,,,,,,,,,,,,,,
StockIssuedDuringPeriodValueConversionOfConvertibleSecurities,,,,,,,,,200000000.000,,,,,,,,,,,,,,,,,
StockIssuedDuringPeriodValueRestrictedStockAwardNetOfForfeitures,-6200000.000,,,,,,,,,,,,,,,,,,,,,,,,,
StockIssuedDuringPeriodValueStockOptionsExercised,8500000.000,,,,5000000.000,,,,18300000.000,,,,6300000.000,,,,9200000.000,,,,4000000.000,,,,8300000.000,
StockRepurchaseProgramRemainingAuthorizedRepurchaseAmount,,,,,,,,,,,,,373700000.000,,,,,,,,,,,,,
StockholdersEquityOther,-2000000.000,,,,200000.000,,,,-5500000.000,,,,200000.000,,,,100000.000,,,,400000.000,,,,300000.000,
TreasuryStockAcquiredAverageCostPerShare,,,,,10.610,,,,12.170,,,,17.170,,,,20.840,,,,21.670,,,,23.850,
TreasuryStockSharesAcquired,,,,,4900000.000,,,,6200000.000,,,,2600000.000,,,,2500000.000,,,,2500000.000,,,,2300000.000,
TreasuryStockValueAcquiredCostMethod,10500000.000,,,,52500000.000,,,,75800000.000,,,,44900000.000,,,,51200000.000,,,,53700000.000,,,,55000000.000,
ValuationAllowanceDeferredTaxAssetChangeInAmount,,,,,,,,,,,,,,,,,,,,,12200000.000,,,,,
WeightedAverageNumberOfDilutedSharesOutstanding,,546900000.000,537600000.000,,,477700000.000,456100000.000,,,448300000.000,426100000.000,,,428100000.000,426400000.000,,,417600000.000,415500000.000,,409300000.000,409800000.000,407900000.000,-819000000.000,399300000.000,400300000.000
WeightedAverageNumberOfShareOutstandingBasicAndDiluted,,,,,,,,,414200000.000,,,,422800000.000,,,,411100000.000,,,,,,,,,
WeightedAverageNumberOfSharesOutstandingBasic,,473100000.000,464700000.000,,,437400000.000,431300000.000,,,425100000.000,419700000.000,,,421100000.000,419200000.000,,,410500000.000,407600000.000,,400600000.000,400100000.000,397700000.000,-800500000.000,391700000.000,392300000.000
WeightedAverageNumberOfSharesRestrictedStock,,,,,,,,,,,,,,7000000.000,7200000.000,,,,,,,,,,,
