,2011-09-30,2011-12-31,2012-03-31,2012-06-30,2012-09-30,2012-12-31,2013-03-31,2013-06-30,2013-09-30,2013-12-31,2014-03-31,2014-06-30,2014-09-30,2014-12-31,2015-03-31,2015-06-30,2015-12-31,2016-03-31,2016-09-30,2016-12-31,2017-03-31
AdjustmentsToAdditionalPaidInCapitalShareBasedCompensationEmployeeStockPurchaseProgramRequisiteServicePeriodRecognition,9507.000,,,,,,,,,,,,,,,,,,,,
AdjustmentsToAdditionalPaidInCapitalShareBasedCompensationRestrictedStockUnitsRequisiteServicePeriodRecognition,273278.000,,,,,,,,,,,,,,,,,,,,
AdjustmentsToAdditionalPaidInCapitalShareBasedCompensationStockOptionsRequisiteServicePeriodRecognition,388567.000,,,,,,,,,,,,,,,,,,,,
AdjustmentsToAdditionalPaidInCapitalSharebasedCompensationRequisiteServicePeriodRecognitionValue,,,,,656000.000,,,,897000.000,,,,1647000.000,,,,,,2456000.000,,
AdjustmentsToAdditionalPaidInCapitalTaxEffectFromShareBasedCompensation,,,,,,,,,407000.000,,,,495000.000,,,,,,644000.000,,
AdvertisingExpense,,,,,2000.000,,,,1000.000,30000.000,,,,,,,,,,,
AllocatedShareBasedCompensationExpense,,,,,,,,,897000.000,2147000.000,2789000.000,3193000.000,1647000.000,1572000.000,1510000.000,1668000.000,2024000.000,2025000.000,2456000.000,1717000.000,1789000.000
AmortizationOfIntangibleAssets,468196.000,470410.000,470409.000,469985.000,471000.000,470000.000,471000.000,-3312000.000,-470000.000,467000.000,467000.000,936000.000,20000.000,20000.000,20000.000,77000.000,,7600000.000,9300000.000,8100000.000,8100000.000
AntidilutiveSecuritiesExcludedFromComputationOfEarningsPerShareAmount,,,,,2017000.000,2331000.000,265000.000,-3613000.000,3000000.000,6000.000,3000.000,-2991000.000,436000.000,507000.000,77000.000,-937000.000,2600000.000,4400000.000,4300000.000,3000000.000,3000000.000
AssetImpairmentCharges,,,,,,,,,0.000,,0.000,,0.000,0.000,0.000,0.000,,,65084000.000,0.000,
BusinessCombinationAcquisitionRelatedCosts,,,,,,,,,,,,,,,,,17585000.000,,,,
CashAndCashEquivalentsPeriodIncreaseDecrease,,,,,,,,,,,,,,,,,,,16911000.000,,
ComprehensiveIncomeNetOfTax,,,,,2967000.000,2877000.000,3894000.000,3595000.000,-5996000.000,16576000.000,22984000.000,23530000.000,34932000.000,44545000.000,36268000.000,33933000.000,13562000.000,-5501000.000,-29411000.000,8213000.000,15005000.000
ComprehensiveIncomeNetOfTaxAttributableToNoncontrollingInterest,,,,,17000.000,-22000.000,16000.000,54000.000,8000.000,26000.000,11000.000,17000.000,18000.000,10000.000,27000.000,18000.000,20000.000,20000.000,20000.000,14000.000,
ComprehensiveIncomeNetOfTaxIncludingPortionAttributableToNoncontrollingInterest,,,,,2984000.000,2855000.000,3910000.000,3649000.000,-5988000.000,16602000.000,22995000.000,23547000.000,34950000.000,44555000.000,36295000.000,33951000.000,13582000.000,-5481000.000,-29391000.000,8227000.000,15005000.000
ContractsRevenue,,,,,,,,,,,,,,,,,2271000.000,10111000.000,5063000.000,8024000.000,2178000.000
CostOfGoodsAndServicesSold,19742045.000,19770524.000,19275765.000,23196666.000,21164000.000,22620000.000,23321000.000,26529000.000,24423000.000,26284000.000,23865000.000,24691000.000,21820000.000,27621000.000,23714000.000,27326000.000,,,,,
CostOfGoodsSoldAmortization,,,,,471000.000,470000.000,471000.000,,,,,,,,,,3614000.000,7278000.000,8887000.000,7737000.000,7737000.000
DeferredIncomeTaxExpenseBenefit,315203.000,,,,135000.000,,,,-3028000.000,,,,-1670000.000,,,,,,-3432000.000,,
DeferredTaxesBusinessCombinationValuationAllowanceAvailableToReduceIncomeTaxExpense,,,,,,,,,,,,,,,,,,,100000000.000,,
DefinedContributionPlanCostRecognized,,,,,164000.000,133000.000,141000.000,165000.000,159000.000,200000.000,169000.000,220000.000,214000.000,143000.000,226000.000,272000.000,188000.000,629000.000,579000.000,492000.000,527000.000
DefinedContributionPlanMaximumAnnualContributionPerEmployeePercent,,,,,0.040,,,,0.040,,,,,,,,,,,,
Depreciation,,,,,1078000.000,1072000.000,1060000.000,1090000.000,1100000.000,1100000.000,1200000.000,1200000.000,1300000.000,1300000.000,1400000.000,1400000.000,2400000.000,4300000.000,5100000.000,5500000.000,5500000.000
DepreciationDepletionAndAmortization,1417790.000,,,,1549000.000,,,,1573000.000,,,,1306000.000,,,,,,14317000.000,,
EarningsPerShareBasic,0.010,0.020,0.060,0.050,0.100,0.100,0.140,0.130,-0.200,0.480,0.660,0.760,0.980,1.260,1.010,0.930,0.370,-0.150,-0.800,0.220,0.410
EarningsPerShareDiluted,0.010,0.020,0.060,0.050,0.100,0.100,0.140,0.120,-0.200,0.460,0.630,0.730,0.940,1.210,0.970,0.920,0.360,-0.150,-0.800,0.220,0.400
EffectOfExchangeRateOnCashAndCashEquivalentsContinuingOperations,-2817.000,,,,41000.000,,,,-1000.000,,,,,,,,,,-3000.000,,
EffectiveIncomeTaxRateContinuingOperations,,,,,0.440,0.380,0.250,-0.717,0.410,0.370,0.370,-0.785,0.360,0.330,0.330,-0.680,0.306,0.334,0.305,0.302,0.330
EmployeeServiceShareBasedCompensationTaxBenefitFromCompensationExpense,,,,,23000.000,34000.000,42000.000,70000.000,102000.000,241000.000,1053000.000,1979000.000,570000.000,536000.000,514000.000,539000.000,729000.000,739000.000,897000.000,627000.000,653000.000
ExcessTaxBenefitFromShareBasedCompensationFinancingActivities,,,,,,,,,407000.000,,,,495000.000,,,,,,644000.000,,
ExcessTaxBenefitFromShareBasedCompensationOperatingActivities,,,,,,,,,407000.000,,,,495000.000,,,,,,644000.000,,
ForeignCurrencyTransactionGainBeforeTax,5006.000,-7502.000,-3308.000,-56196.000,3000.000,,,,,,1000.000,,,,,,,,,,
ForeignCurrencyTransactionGainLossBeforeTax,,,,,,,,,,,,,,,-21000.000,,,,,,
GainLossOnDispositionOfAssets,7000.000,-3464.000,,,70000.000,-112000.000,93000.000,60000.000,-62000.000,7000.000,,,20000.000,,-5000.000,,,,-2000.000,,
GainLossRelatedToLitigationSettlement,,,,,1250000.000,,,,,,,,,,,,,,,,
GrossProfit,8616039.000,7426681.000,10891498.000,12012782.000,13626000.000,13421000.000,15170000.000,15203000.000,1306000.000,41042000.000,56132000.000,55928000.000,71567000.000,87201000.000,75638000.000,71950000.000,71645000.000,57491000.000,81852000.000,88053000.000,72430000.000
ImpairmentOfIntangibleAssetsExcludingGoodwill,,,,,,,0.000,,0.000,0.000,0.000,0.000,0.000,0.000,0.000,0.000,,,65100000.000,,
ImpairmentOfIntangibleAssetsFinitelived,,,,,,,,,,,,,,,,,,,,23000000.000,
ImpairmentOfIntangibleAssetsIndefinitelivedExcludingGoodwill,,,,,,,,,,,,,,,,,,,,23000000.000,
IncomeLossFromContinuingOperationsBeforeIncomeTaxesMinorityInterestAndIncomeLossFromEquityMethodInvestments,433889.000,1149094.000,2791036.000,2243981.000,5220000.000,4608000.000,5290000.000,5567000.000,-10229000.000,26392000.000,36286000.000,37571000.000,54750000.000,67256000.000,54233000.000,51183000.000,19498000.000,-8213000.000,-42270000.000,11728000.000,22266000.000
IncomeTaxExpenseBenefit,211816.000,519499.000,1056684.000,812001.000,2277000.000,1749000.000,1327000.000,1950000.000,-4242000.000,9800000.000,13280000.000,14019000.000,19800000.000,22435000.000,17973000.000,17222000.000,5958000.000,-2743000.000,-12882000.000,3542000.000,7337000.000
IncomeTaxesPaid,,,,,-1657000.000,,,,1700000.000,,,,11809000.000,,,,,,12802000.000,,
IncreaseDecreaseInAccountsPayable,-3040346.000,,,,-5349000.000,,,,-6032000.000,,,,-7023000.000,,,,,,9267000.000,,
IncreaseDecreaseInAccountsReceivable,1171549.000,,,,-155000.000,,,,3336000.000,,,,14510000.000,,,,,,-15241000.000,,
IncreaseDecreaseInAccruedIncomeTaxesPayable,-103387.000,,,,3799000.000,,,,-2914000.000,,,,9661000.000,,,,,,-22252000.000,,
IncreaseDecreaseInAccruedLiabilities,-226893.000,,,,381000.000,,,,1239000.000,,,,-1323000.000,,,,,,-958000.000,,
IncreaseDecreaseInEmployeeRelatedLiabilities,269994.000,,,,-860000.000,,,,-3856000.000,,,,-8997000.000,,,,,,-1625000.000,,
IncreaseDecreaseInInventories,-427720.000,,,,542000.000,,,,1993000.000,,,,-774000.000,,,,,,12847000.000,,
IncreaseDecreaseInOtherOperatingAssets,,,,,,,,,,,,,,,,,,,1640000.000,,
IncreaseDecreaseInPrepaidDeferredExpenseAndOtherAssets,711810.000,,,,260000.000,,,,854000.000,,,,1509000.000,,,,,,,,
IncreaseDecreaseInRestructuringReserve,,,,,,,,,,,,,,,,,,,637000.000,,
IncreaseDecreaseInRoyaltiesPayable,,,,,,,,,,,,,,,,,,,-969000.000,,
IncrementalCommonSharesAttributableToShareBasedPaymentArrangements,,,,,190710.000,103133.000,625766.000,-444274.000,,1598900.000,1743625.000,,1374715.000,1404120.000,1329184.000,-2808069.000,999908.000,,,865982.000,903096.000
InterestExpense,77004.000,72704.000,63698.000,59594.000,63000.000,72000.000,59000.000,57000.000,58000.000,46000.000,13000.000,13000.000,38000.000,73000.000,8000.000,88000.000,11772000.000,26988000.000,22994000.000,23333000.000,22373000.000
InterestPaid,76862.000,,,,76000.000,,,,57000.000,,,,25000.000,,,,,,17373000.000,,
InventoryWriteDown,,,,,,,,,692000.000,370000.000,811000.000,,,,,,,,,,
InvestmentIncomeInterest,53249.000,35698.000,28305.000,,,,,,,,,,,,,,,,,,
InvestmentIncomeInterestAndDividend,,,,,35000.000,27000.000,22000.000,32000.000,46000.000,49000.000,109000.000,91000.000,102000.000,106000.000,95000.000,122000.000,,,,,
InvestmentIncomeNet,,,,,,,,,,,,,,,,,975000.000,204000.000,1027000.000,1021000.000,1037000.000
LeaseAndRentalExpense,,,,,24000.000,28000.000,24000.000,28000.000,21000.000,27000.000,60000.000,,,,,,,,,,
LitigationSettlementExpense,,,,,-1250000.000,,,,,,,,,,,,,23598000.000,,,4000000.000
MarketableSecuritiesGainLoss,-172859.000,26496.000,361059.000,-317696.000,234000.000,71000.000,538000.000,-144000.000,463000.000,1102000.000,200000.000,142000.000,15000.000,680000.000,-103000.000,113000.000,862000.000,125000.000,808000.000,888000.000,776000.000
MarketableSecuritiesRealizedGainLoss,,,,,-36000.000,132000.000,353000.000,,,,,,,,,,,,,,
MarketableSecuritiesUnrealizedGainLoss,,,,,270000.000,-61000.000,185000.000,-319000.000,367000.000,586000.000,-174000.000,-34000.000,81000.000,219000.000,-666000.000,-734000.000,838000.000,279000.000,557000.000,,103000.000
NetCashProvidedByUsedInContinuingOperations,12241779.000,,,,3799000.000,,,,-6962000.000,,,,31808000.000,,,,,,,,
NetCashProvidedByUsedInFinancingActivities,1594226.000,,,,-163000.000,,,,1161000.000,,,,1236000.000,,,,,,-13107000.000,,
NetCashProvidedByUsedInFinancingActivitiesContinuingOperations,1594226.000,,,,-163000.000,,,,1161000.000,,,,1236000.000,,,,,,-13107000.000,,
NetCashProvidedByUsedInInvestingActivities,10799160.000,,,,1141000.000,,,,-3127000.000,,,,16181000.000,,,,,,-6391000.000,,
NetCashProvidedByUsedInInvestingActivitiesContinuingOperations,10799160.000,,,,1141000.000,,,,-3127000.000,,,,16181000.000,,,,,,-6391000.000,,
NetCashProvidedByUsedInOperatingActivities,-148790.000,,,,2780000.000,,,,-4995000.000,,,,14391000.000,,,,,,36412000.000,,
NetCashProvidedByUsedInOperatingActivitiesContinuingOperations,-148790.000,,,,2780000.000,,,,-4995000.000,,,,14391000.000,,,,,,36412000.000,,
NetIncomeLossAttributableToNoncontrollingInterest,16464.000,20140.000,16468.000,16928.000,17000.000,-22000.000,16000.000,-76000.000,8000.000,26000.000,11000.000,17000.000,18000.000,10000.000,27000.000,18000.000,20000.000,20000.000,20000.000,14000.000,
NetIncomeLossAvailableToCommonStockholdersBasic,205609.000,609455.000,1717884.000,1415052.000,2926000.000,2881000.000,3947000.000,3563000.000,-5995000.000,16566000.000,22995000.000,23535000.000,34932000.000,44811000.000,36233000.000,33943000.000,13520000.000,-5490000.000,-29408000.000,8172000.000,14929000.000
NonoperatingIncomeExpense,,,,,,,,,,,,,,,,,,,,-22578000.000,-21371000.000
OperatingExpenses,,,,,,,,,11924000.000,15675000.000,20143000.000,18577000.000,16916000.000,20658000.000,21363000.000,20932000.000,41320000.000,38874000.000,102158000.000,53747000.000,28793000.000
OperatingIncomeLoss,1445043.000,494696.000,2363782.000,2606479.000,3691000.000,4694000.000,4696000.000,5676000.000,-10618000.000,25367000.000,35989000.000,37351000.000,54651000.000,66543000.000,54275000.000,51018000.000,30325000.000,18617000.000,-20306000.000,34306000.000,43637000.000
OtherComprehensiveIncomeForeignCurrencyTransactionAndTranslationAdjustmentBeforeTaxPortionAttributableToParent,,,,,41000.000,-4000.000,,,,,,,,,,,,,,,
OtherComprehensiveIncomeForeignCurrencyTransactionAndTranslationGainLossArisingDuringPeriodNetOfTax,,,,,41000.000,,,,-1000.000,,,,,,,,,,-3000.000,,
OtherComprehensiveIncomeForeignCurrencyTranslationGainLossArisingDuringPeriodTax,,,,,,,,,0.000,,,,0.000,,,,,,0.000,,
OtherComprehensiveIncomeLossBeforeTax,,,,,,,,,-1000.000,10000.000,-11000.000,-5000.000,,-266000.000,35000.000,,42000.000,-11000.000,-3000.000,41000.000,76000.000
OtherComprehensiveIncomeLossForeignCurrencyTransactionAndTranslationAdjustmentBeforeTax,,,,,,,-53000.000,,-1000.000,10000.000,-11000.000,-5000.000,,-266000.000,35000.000,,42000.000,-11000.000,-3000.000,41000.000,76000.000
OtherComprehensiveIncomeLossForeignCurrencyTransactionAndTranslationAdjustmentNetOfTax,,,,,41000.000,,,,-1000.000,,,,,,,,,,-3000.000,,
OtherComprehensiveIncomeLossForeignCurrencyTransactionAndTranslationReclassificationAdjustmentFromAOCIRealizedUponSaleOrLiquidationTax,,,,,,,,,,,,,0.000,,,,,,0.000,,
OtherComprehensiveIncomeLossForeignCurrencyTranslationReclassificationAdjustmentRealizedUponSaleOrLiquidationTax,,,,,,,,,0.000,,,,,,,,,,,,
OtherComprehensiveIncomeLossNetOfTax,,,,,41000.000,,-53000.000,,-1000.000,10000.000,-11000.000,-5000.000,,-266000.000,35000.000,,42000.000,-11000.000,-3000.000,41000.000,76000.000
OtherComprehensiveIncomeLossNetOfTaxPeriodIncreaseDecrease,-3451.000,,,,,,,,,,,,,,,,,,,,
OtherComprehensiveIncomeLossNetOfTaxPortionAttributableToParent,,,,,41000.000,-4000.000,,,,,,,,,,,,,,,
OtherNoncashIncomeExpense,-2750.000,,,,-3000.000,,,,-4000.000,,,,-21000.000,,,,,,-474000.000,,
OtherNonoperatingExpense,,,,,,,,,,87000.000,,,,,,,30000.000,46000.000,,,
OtherNonoperatingIncomeExpense,-1011154.000,654398.000,427254.000,-362498.000,1529000.000,-86000.000,594000.000,-109000.000,389000.000,1025000.000,297000.000,220000.000,99000.000,713000.000,-42000.000,165000.000,-10827000.000,-26830000.000,-21964000.000,-266000.000,-35000.000
PaymentsForRepurchaseOfCommonStock,337159.000,,,,334000.000,,,,,,,,,,,,,,1798000.000,,
PaymentsToAcquireIntangibleAssets,,,,,,,,,,,,,300000.000,,,,,,,,
PaymentsToAcquireMarketableSecurities,4284423.000,,,,2916000.000,,,,5733000.000,,,,8434000.000,,,,,,12182000.000,,
PaymentsToAcquirePropertyPlantAndEquipment,725933.000,,,,821000.000,,,,2018000.000,,,,9374000.000,,,,,,9945000.000,,
ProceedsFromIssuanceOfCommonStock,53874.000,,,,296000.000,,,,881000.000,,,,,,,,,,,,
ProceedsFromIssuanceOfSharesUnderIncentiveAndShareBasedCompensationPlansIncludingStockOptions,,,,,,,,,,,,,773000.000,,,,,,1355000.000,,
ProceedsFromLegalSettlements,,,,,450000.000,,,,,,,,,,,,,,,,
ProceedsFromLinesOfCredit,2000000.000,,,,,,,,,,,,,,,,,,,,
ProceedsFromSaleAndMaturityOfMarketableSecurities,15802516.000,,,,4808000.000,,,,4584000.000,,,,34213000.000,,,,,,15703000.000,,
ProceedsFromSaleOfPropertyPlantAndEquipment,7000.000,,,,70000.000,,,,40000.000,,,,76000.000,,,,,,33000.000,,
ProfitLoss,222073.000,629595.000,1734352.000,1431980.000,2943000.000,2859000.000,3963000.000,3617000.000,-5987000.000,16592000.000,23006000.000,23552000.000,34950000.000,44821000.000,36260000.000,33961000.000,13540000.000,-5470000.000,-29388000.000,8186000.000,14929000.000
RepaymentsOfLongTermDebt,122489.000,,,,125000.000,,,,127000.000,,,,32000.000,,,,,,13308000.000,,
ResearchAndDevelopmentExpense,2426483.000,2512731.000,2911530.000,3993256.000,3764000.000,3572000.000,5229000.000,3688000.000,4745000.000,5785000.000,10583000.000,6600000.000,6363000.000,7836000.000,9159000.000,6984000.000,9069000.000,16495000.000,12371000.000,9939000.000,8340000.000
RestructuringCharges,,,,,,,,,,,,,,,,,,4749000.000,2052000.000,1712000.000,1568000.000
Revenues,28877904.000,27734079.000,30687726.000,35690291.000,35294000.000,36564000.000,39022000.000,40174000.000,45829000.000,67326000.000,79997000.000,80619000.000,93387000.000,114822000.000,99352000.000,99276000.000,127059000.000,140114000.000,161559000.000,170944000.000,161720000.000
RoyaltyExpense,51624.000,66464.000,50054.000,10858.000,33000.000,53000.000,60000.000,,,,,,,,,,3100000.000,6200000.000,,,
SalesRevenueNet,28877904.000,27734079.000,30687726.000,35690291.000,35294000.000,36564000.000,39022000.000,40174000.000,45829000.000,67326000.000,79997000.000,80619000.000,93387000.000,114822000.000,99352000.000,99276000.000,127059000.000,140114000.000,161559000.000,170944000.000,161720000.000
SellingGeneralAndAdministrativeExpense,4744513.000,4419254.000,5616186.000,5413047.000,6171000.000,5155000.000,5245000.000,5839000.000,7179000.000,9890000.000,9560000.000,11977000.000,10553000.000,12822000.000,12204000.000,13948000.000,14666000.000,16157000.000,21260000.000,18069000.000,17629000.000
ShareBasedCompensation,671352.000,,,,656000.000,,,,897000.000,,,,1647000.000,,,,,,2456000.000,,
StockIssuedDuringPeriodValueEmployeeStockOwnershipPlan,53874.000,,,,,,,,,,,,,,,,,,,,
StockIssuedDuringPeriodValueShareBasedCompensation,,,,,296000.000,,,,881000.000,,,,773000.000,,,,,,1355000.000,,
TreasuryStockValueAcquiredCostMethod,337159.000,,,,334000.000,,,,,,,,,,,,,,1798000.000,,
UnrealizedGainLossOnInvestments,-826546.000,675874.000,104896.000,,,,,,,,,,,,,,,,,,
WeightedAverageNumberOfDilutedSharesOutstanding,28686644.000,28773477.000,28719669.000,-57771358.000,28469224.000,28450597.000,29115941.000,-57092829.000,29586237.000,36276326.000,36769593.000,-67438780.000,36972646.000,37074024.000,37210138.000,-74129691.000,37388450.000,36495961.000,36699267.000,37676370.000,37752304.000
WeightedAverageNumberOfSharesOutstandingBasic,28431733.000,28526658.000,28571062.000,-57266118.000,28278514.000,28347464.000,28490175.000,-56648555.000,29586237.000,34677426.000,35025968.000,-65626042.000,35597931.000,35669904.000,35880954.000,-71321622.000,36388542.000,36495961.000,36699267.000,36810388.000,36849208.000
