,2011-03-31,2011-06-30,2011-09-30,2011-12-31,2012-03-31,2012-06-30,2012-09-30,2012-12-31,2013-03-31,2013-06-30,2013-09-30,2013-12-31,2014-03-31,2014-06-30,2014-09-30,2014-12-31,2015-03-31,2015-06-30,2015-09-30,2015-12-31,2016-03-31,2016-06-30,2016-09-30,2016-12-31,2017-03-31
AdjustmentForAmortization,4800000.000,,,,6200000.000,,,,,,,,,,,,,,,,,,,,
AdjustmentsNoncashItemsToReconcileNetIncomeLossToCashProvidedByUsedInOperatingActivitiesOther,-4300000.000,,,,,,,,,,,,,,,,,,,,,,,,
AdjustmentsToAdditionalPaidInCapitalSharebasedCompensationRequisiteServicePeriodRecognitionValue,,,,,10700000.000,,,,15000000.000,,,,11400000.000,,,,22600000.000,,,,11900000.000,,,,11500000.000
AllocatedShareBasedCompensationExpense,,5500000.000,5200000.000,,8100000.000,5300000.000,5000000.000,5600000.000,,,,,,,,,,,,,,,,,
AmortizationOfIntangibleAssets,4800000.000,4900000.000,4700000.000,4400000.000,6200000.000,6400000.000,6500000.000,6600000.000,5700000.000,5400000.000,5400000.000,9500000.000,4900000.000,5000000.000,4900000.000,4900000.000,5200000.000,5200000.000,5200000.000,5200000.000,5100000.000,4800000.000,5200000.000,4800000.000,5100000.000
AntidilutiveSecuritiesExcludedFromComputationOfEarningsPerShareAmount,,1700000.000,2800000.000,,2.700,3300000.000,1700000.000,-3100002.700,0.000,0.000,0.000,0.000,0.000,0.000,0.000,0.000,0.000,0.000,0.000,0.000,0.000,0.000,0.000,0.000,0.000
AssetImpairmentCharges,3000000.000,,,,100000.000,,,,200000.000,2100000.000,0.000,63100000.000,500000.000,,,,,,,,0.000,3700000.000,300000.000,100000.000,
BusinessCombinationBargainPurchaseGainRecognizedAmount,,,,,,,,,,,8700000.000,,,,,,,,,,,,,,
CashAndCashEquivalentsPeriodIncreaseDecrease,-49100000.000,,,,24900000.000,,,,90300000.000,,,,-4100000.000,,,,-70600000.000,,,,-3000000.000,,,,-13300000.000
CommonStockDividendsPerShareDeclared,0.270,0.270,0.280,0.280,0.280,0.280,0.290,0.290,0.290,0.290,0.300,0.300,0.300,0.300,0.310,0.310,0.310,0.310,0.320,0.320,0.320,0.340,0.340,0.340,0.340
ComprehensiveIncomeNetOfTax,,,,,63900000.000,35200000.000,85600000.000,69300000.000,35000000.000,61200000.000,94500000.000,30100000.000,38700000.000,-11100000.000,16100000.000,-42800000.000,33500000.000,82200000.000,63100000.000,57800000.000,119100000.000,105700000.000,93300000.000,45200000.000,103500000.000
ComprehensiveIncomeNetOfTaxAttributableToNoncontrollingInterest,,,,,500000.000,-400000.000,-900000.000,3200000.000,400000.000,700000.000,700000.000,800000.000,400000.000,800000.000,1000000.000,800000.000,1100000.000,900000.000,600000.000,1000000.000,1600000.000,-2400000.000,1100000.000,0.000,0.000
ComprehensiveIncomeNetOfTaxIncludingPortionAttributableToNoncontrollingInterest,,,,,64400000.000,35600000.000,86500000.000,69900000.000,35400000.000,61900000.000,95200000.000,30900000.000,39100000.000,-10300000.000,17100000.000,-42000000.000,34600000.000,83100000.000,63700000.000,58800000.000,120700000.000,103300000.000,94400000.000,45200000.000,103500000.000
CostOfGoodsSold,725800000.000,763300000.000,770500000.000,711100000.000,768500000.000,751600000.000,776700000.000,676000000.000,746600000.000,759700000.000,764700000.000,727800000.000,739100000.000,796400000.000,788300000.000,668100000.000,748400000.000,766600000.000,768000000.000,711000000.000,704800000.000,724900000.000,721500000.000,699500000.000,734300000.000
DeferredIncomeTaxExpenseBenefit,7200000.000,,,,,,,,,,,,,,,,,,,,,,,,
DefinedBenefitPlanActuarialNetGainsLosses,,1000000.000,900000.000,,,,,,,,,,,,,,,,,,,,,,
DefinedBenefitPlanAmortizationOfGainsLosses,,,,,-1600000.000,-1500000.000,-1600000.000,10700000.000,-1500000.000,-1700000.000,-1500000.000,-1700000.000,-800000.000,-800000.000,-700000.000,-500000.000,-1500000.000,-1500000.000,-1200000.000,-1000000.000,-1200000.000,-1200000.000,-1000000.000,-1100000.000,-1200000.000
DefinedBenefitPlanExpectedReturnOnPlanAssets,,3300000.000,3500000.000,,3700000.000,3600000.000,3700000.000,-25500000.000,3800000.000,3800000.000,3800000.000,3800000.000,3900000.000,3900000.000,3900000.000,4200000.000,4200000.000,4200000.000,4100000.000,4000000.000,3300000.000,3200000.000,3300000.000,3100000.000,3400000.000
DefinedBenefitPlanInterestCost,,3300000.000,3300000.000,,3200000.000,3100000.000,3200000.000,-22100000.000,3000000.000,3000000.000,3000000.000,2900000.000,3200000.000,3200000.000,3100000.000,3400000.000,3300000.000,3300000.000,3100000.000,2900000.000,2900000.000,3000000.000,2800000.000,2600000.000,2800000.000
DefinedBenefitPlanNetPeriodicBenefitCost,,,,,1800000.000,1700000.000,1900000.000,-12800000.000,1600000.000,1700000.000,1400000.000,1800000.000,900000.000,900000.000,700000.000,600000.000,1600000.000,1600000.000,1400000.000,13100000.000,2000000.000,2100000.000,1600000.000,1600000.000,1800000.000
DefinedBenefitPlanServiceCost,,600000.000,600000.000,,700000.000,700000.000,800000.000,-5200000.000,900000.000,800000.000,700000.000,800000.000,800000.000,800000.000,800000.000,600000.000,1000000.000,1000000.000,1200000.000,1100000.000,1200000.000,1100000.000,1100000.000,1000000.000,1200000.000
DefinedBenefitPlansEstimatedFutureEmployerContributionsInCurrentFiscalYear,,,,,,,,,,,,,,,,,1900000.000,,,,1800000.000,,,,5800000.000
Depreciation,25300000.000,,,,22800000.000,,,,22300000.000,,,,22100000.000,,,,22500000.000,,,,21100000.000,,,,22800000.000
DerivativeInstrumentsGainLossRecognizedInIncomeNet,,-1000000.000,600000.000,,-800000.000,0.300,,,,,,,,,,,,,,,,,,,
DiscontinuedOperationIncomeLossFromDiscontinuedOperationBeforeIncomeTax,,,,,,,,,,-2500000.000,500000.000,,0.000,0.000,-6400000.000,,-400000.000,2200000.000,-100000.000,,100000.000,31800000.000,200000.000,,
DiscontinuedOperationTaxEffectOfDiscontinuedOperation,,,,,,1500000.000,0.000,,,,,,,0.000,-2000000.000,,100000.000,400000.000,0.000,200000.000,0.000,11500000.000,200000.000,-700000.000,
DiscontinuedOperationTaxEffectOfIncomeLossFromDisposalOfDiscontinuedOperation,,,,,,,,,,-9300000.000,100000.000,,0.000,,,,,,,,,,,,
DisposalGroupIncludingDiscontinuedOperationRevenue,,,,,,,,,,1300000.000,100000.000,,0.000,0.000,57600000.000,109800000.000,,,,,,,,,
DividendsCommonStock,,,,,39200000.000,,,,41500000.000,,,,41500000.000,,,,42700000.000,,,,43000000.000,,,,45000000.000
EarningsPerShareBasic,0.300,0.380,0.310,0.060,0.310,0.450,0.460,0.500,0.340,0.490,0.490,0.040,0.370,-0.170,0.340,0.150,0.510,0.550,0.680,0.570,0.640,0.880,0.680,0.600,0.630
EarningsPerShareDiluted,0.300,0.370,0.310,0.060,0.300,0.450,0.450,0.500,0.330,0.480,0.490,0.040,0.370,-0.170,0.340,0.140,0.500,0.540,0.670,0.570,0.630,0.870,0.670,0.590,0.620
EffectOfExchangeRateOnCashAndCashEquivalents,3200000.000,,,,2900000.000,,,,-2500000.000,,,,-3700000.000,,,,-7500000.000,,,,2600000.000,,,,4000000.000
EmployeeServiceShareBasedCompensationTaxBenefitFromCompensationExpense,,2100000.000,2000000.000,,3100000.000,2000000.000,1900000.000,2100000.000,,,,,,,,,,,,,8700000.000,2500000.000,8800000.000,6300000.000,10700000.000
ExcessTaxBenefitFromShareBasedCompensationFinancingActivities,,,,,1000000.000,,,,5000000.000,,,,1300000.000,,,,11400000.000,,,,0.000,,,,
ExcessTaxBenefitFromShareBasedCompensationOperatingActivities,,,,,,,,,,,,,,,,,11400000.000,,,,0.000,,,,
GainLossOnDispositionOfAssets1,,,,,,,,,,,,,,,,,,,,,,18300000.000,-100000.000,,200000.000
GainLossOnSaleOfBusiness,,,,,,,,,,,,,,,,,,-2900000.000,,,,,,,
GoodwillImpairmentLoss,,,,,,,,,,,,,,108000000.000,0.000,,4100000.000,0.000,0.000,0.000,0.000,3700000.000,0.000,0.000,
GrossProfit,170000000.000,181900000.000,170400000.000,143000000.000,178300000.000,187200000.000,205500000.000,177000000.000,189400000.000,199100000.000,193000000.000,165700000.000,180000000.000,205200000.000,209100000.000,196100000.000,217800000.000,230700000.000,241100000.000,233600000.000,233600000.000,234000000.000,227400000.000,204200000.000,226000000.000
IncomeLossFromContinuingOperations,,54700000.000,44900000.000,,,62500000.000,65800000.000,,,64500000.000,70900000.000,,53100000.000,-23900000.000,52600000.000,140200000.000,72200000.000,75900000.000,95300000.000,80500000.000,89400000.000,100900000.000,93500000.000,82900000.000,86100000.000
IncomeLossFromContinuingOperationsBeforeIncomeTaxesMinorityInterestAndIncomeLossFromEquityMethodInvestments,66200000.000,72000000.000,63400000.000,4600000.000,66800000.000,78200000.000,95200000.000,64200000.000,69500000.000,89400000.000,97300000.000,-8400000.000,73500000.000,-15900000.000,66500000.000,171400000.000,102000000.000,109000000.000,132300000.000,106500000.000,118700000.000,137200000.000,121200000.000,110000000.000,107300000.000
IncomeLossFromContinuingOperationsBeforeInterestExpenseInterestIncomeIncomeTaxesExtraordinaryItemsNoncontrollingInterestsNet,,,,,,,,,,,,,,,,,,,,,,,130200000.000,,115900000.000
IncomeLossFromContinuingOperationsIncludingPortionAttributableToNoncontrollingInterest,46300000.000,55500000.000,45300000.000,9300000.000,44500000.000,63000000.000,66600000.000,74000000.000,49500000.000,65100000.000,71600000.000,6600000.000,53700000.000,-23100000.000,53400000.000,141200000.000,73300000.000,76700000.000,96200000.000,81800000.000,91000000.000,99500000.000,93600000.000,83000000.000,86100000.000
IncomeLossFromContinuingOperationsPerBasicShare,0.300,0.380,0.310,0.060,,0.430,0.460,,,0.440,0.490,,0.370,-0.170,0.370,1.000,0.510,0.540,0.680,0.570,0.640,0.730,0.680,0.610,0.630
IncomeLossFromContinuingOperationsPerDilutedShare,0.300,0.370,0.310,0.060,,0.430,0.450,,,0.440,0.480,,0.370,-0.170,0.370,0.980,0.500,0.530,0.670,0.570,0.630,0.720,0.670,0.600,0.620
IncomeLossFromDiscontinuedOperationsNetOfTaxAttributableToReportingEntity,,,,,,2400000.000,0.000,,,6800000.000,400000.000,,0.000,0.000,-4400000.000,-119600000.000,-500000.000,1800000.000,-100000.000,0.000,100000.000,20300000.000,0.000,-1300000.000,0.000
IncomeLossFromDiscontinuedOperationsNetOfTaxPerBasicShare,0.000,,,,,0.020,0.000,,,0.050,0.000,,,0.000,-0.030,,0.000,0.010,0.000,0.000,0.000,0.150,0.000,-0.010,0.000
IncomeLossFromDiscontinuedOperationsNetOfTaxPerDilutedShare,0.000,,,,,0.020,0.000,,,0.050,0.000,,,0.000,-0.030,,0.000,0.010,0.000,0.000,0.000,0.150,0.000,-0.010,0.000
IncomeTaxExpenseBenefit,19900000.000,16500000.000,18100000.000,-4700000.000,22300000.000,15200000.000,28600000.000,-9800000.000,20000000.000,24300000.000,25700000.000,-15000000.000,19800000.000,7200000.000,13100000.000,30200000.000,28700000.000,32300000.000,36100000.000,24700000.000,27700000.000,37700000.000,27600000.000,27000000.000,21200000.000
IncreaseDecreaseInAccountsAndOtherReceivables,88200000.000,,,,56500000.000,,,,79700000.000,,,,96500000.000,,,,28500000.000,,,,4000000.000,,,,59700000.000
IncreaseDecreaseInAccountsPayable,63500000.000,,,,39900000.000,,,,33500000.000,,,,18000000.000,,,,-5000000.000,,,,22200000.000,,,,28800000.000
IncreaseDecreaseInDeferredIncomeTaxes,,,,,-2700000.000,,,,-7100000.000,,,,-10700000.000,,,,-9900000.000,,,,-6000000.000,,,,-6400000.000
IncreaseDecreaseInInventories,27300000.000,,,,14600000.000,,,,17000000.000,,,,27600000.000,,,,36800000.000,,,,13900000.000,,,,30100000.000
IncreaseDecreaseInPrepaidDeferredExpenseAndOtherAssets,-2300000.000,,,,-300000.000,,,,-2400000.000,,,,1700000.000,,,,100000.000,,,,-1800000.000,,,,-4500000.000
InterestExpense,9500000.000,9400000.000,9600000.000,9800000.000,9500000.000,9600000.000,11300000.000,13000000.000,12800000.000,10900000.000,10600000.000,10400000.000,10400000.000,10400000.000,10400000.000,10600000.000,11000000.000,11200000.000,10300000.000,8600000.000,9200000.000,10300000.000,9900000.000,9400000.000,10600000.000
InventoryLIFOReservePeriodCharge,,3500000.000,-900000.000,,500000.000,2600000.000,-5700000.000,-12000000.000,-2600000.000,-2200000.000,-4900000.000,7300000.000,0.000,0.000,1200000.000,-2100000.000,-5000000.000,-5000000.000,-13300000.000,69700000.000,0.000,7300000.000,-4700000.000,7900000.000,-400000.000
InventoryWriteDown,3100000.000,,,,3100000.000,,,,2000000.000,,,,2400000.000,,,,2500000.000,,,,1600000.000,,,,1300000.000
InvestmentIncomeInterest,1500000.000,2300000.000,1400000.000,1500000.000,1700000.000,1600000.000,1600000.000,1600000.000,2700000.000,1800000.000,1700000.000,1500000.000,1400000.000,1400000.000,1500000.000,1500000.000,1300000.000,1000000.000,1100000.000,1000000.000,800000.000,1000000.000,900000.000,1200000.000,2000000.000
LitigationSettlementAmount,,,,,,,,,,,,,,,8300000.000,,,,,,,,,,
LossContingencyAccrualCarryingValuePayments,,,,,,,,,,,,,,,,,,15400000.000,27500000.000,,4000000.000,5000000.000,0.000,,
LossContingencyAccrualCarryingValueProvision,,,,,0.000,,,,0.000,,,,,,,,,,,,,,,,
LossContingencyAccrualPayments,,,,,,,,,,,,,,,,,,,,,,,,,0.000
MinorityInterestDecreaseFromDistributionsToNoncontrollingInterestHolders,,,,,,,,,,,,,,,,,,,,,1600000.000,,,,
NetCashProvidedByUsedInFinancingActivities,-98200000.000,,,,163700000.000,,,,90000000.000,,,,33600000.000,,,,-62800000.000,,,,-69800000.000,,,,2500000.000
NetCashProvidedByUsedInFinancingActivitiesContinuingOperations,-98200000.000,,,,163700000.000,,,,90000000.000,,,,33600000.000,,,,-62800000.000,,,,-69800000.000,,,,2500000.000
NetCashProvidedByUsedInInvestingActivities,-900000.000,,,,-206800000.000,,,,-21200000.000,,,,-14300000.000,,,,-32400000.000,,,,-47100000.000,,,,-77500000.000
NetCashProvidedByUsedInInvestingActivitiesContinuingOperations,-900000.000,,,,-206800000.000,,,,-21200000.000,,,,-14300000.000,,,,-32400000.000,,,,-47100000.000,,,,-77500000.000
NetCashProvidedByUsedInOperatingActivities,46800000.000,,,,65100000.000,,,,24000000.000,,,,-19700000.000,,,,32100000.000,,,,111300000.000,,,,57700000.000
NetCashProvidedByUsedInOperatingActivitiesContinuingOperations,46800000.000,,,,65100000.000,,,,24000000.000,,,,-19700000.000,,,,32100000.000,,,,111300000.000,,,,57700000.000
NetIncomeLoss,45000000.000,54700000.000,44900000.000,8700000.000,44000000.000,64900000.000,65800000.000,73500000.000,49100000.000,71300000.000,71300000.000,5600000.000,53100000.000,-23900000.000,48200000.000,20600000.000,71700000.000,77700000.000,95200000.000,80500000.000,89500000.000,121200000.000,93500000.000,81600000.000,86100000.000
NetIncomeLossAttributableToNoncontrollingInterest,1300000.000,800000.000,400000.000,600000.000,500000.000,500000.000,800000.000,500000.000,400000.000,600000.000,700000.000,700000.000,600000.000,800000.000,800000.000,1000000.000,1100000.000,800000.000,900000.000,1300000.000,1600000.000,-1400000.000,100000.000,100000.000,0.000
NoncontrollingInterestDecreaseFromDeconsolidation,,,,,,,,,,,,,,,,,,,,,,,,,1600000.000
NumberOfBusinessesAcquired,,,,,2.000,,,,,,,,,,,,,,,,,,,,
OtherAssetImpairmentCharges,,,,,,,,,,,,,,600000.000,0.000,,1800000.000,600000.000,0.000,0.000,0.000,0.000,300000.000,100000.000,
OtherComprehensiveIncomeDefinedBenefitPlansNetUnamortizedGainLossArisingDuringPeriodNetOfTax,,,,,700000.000,1000000.000,700000.000,-8500000.000,1400000.000,1100000.000,400000.000,23800000.000,600000.000,100000.000,600000.000,-30300000.000,1300000.000,500000.000,900000.000,8500000.000,700000.000,900000.000,600000.000,-1300000.000,600000.000
OtherComprehensiveIncomeLossBeforeReclassificationsBeforeTax,,,,,,,,,,,,,,,,,-40200000.000,,,,27200000.000,,,,14500000.000
OtherComprehensiveIncomeLossBeforeTax,,,,,22300000.000,,,,-13100000.000,,,,-14100000.000,,,,-37900000.000,,,,32200000.000,,,,
OtherComprehensiveIncomeLossDerivativesQualifyingAsHedgesBeforeTax,,,,,4600000.000,,,,,,,,,,,,,,,,,,,,
OtherComprehensiveIncomeLossDerivativesQualifyingAsHedgesNetOfTax,,,,,2900000.000,-7200000.000,-200000.000,500000.000,800000.000,100000.000,1600000.000,-500000.000,-100000.000,1900000.000,1200000.000,400000.000,-1700000.000,1300000.000,-4400000.000,-3300000.000,6500000.000,-500000.000,2300000.000,2100000.000,2500000.000
OtherComprehensiveIncomeLossDerivativesQualifyingAsHedgesTax,,,,,-1700000.000,,,,,,,,,,,,,,,,,,,,
OtherComprehensiveIncomeLossForeignCurrencyTransactionAndTranslationAdjustmentBeforeTax,,,,,16300000.000,,,,,,,,,,,,,,,,,,,,
OtherComprehensiveIncomeLossForeignCurrencyTransactionAndTranslationAdjustmentNetOfTax,,,,,16300000.000,-23600000.000,19400000.000,3900000.000,-16300000.000,-11200000.000,21200000.000,1300000.000,-15100000.000,10800000.000,-33700000.000,-33700000.000,-37800000.000,2800000.000,-28900000.000,-28200000.000,22400000.000,-16900000.000,-2100000.000,-38300000.000,14300000.000
OtherComprehensiveIncomeLossNetOfTax,,,,,19900000.000,-29800000.000,19900000.000,-4100000.000,-14100000.000,-10000000.000,23200000.000,24600000.000,-14600000.000,12800000.000,-31900000.000,-63600000.000,-38200000.000,4600000.000,-32400000.000,-23000000.000,29600000.000,-16500000.000,800000.000,-36500000.000,17400000.000
OtherComprehensiveIncomeLossPensionAndOtherPostretirementBenefitPlansAdjustmentBeforeTax,,,,,1400000.000,,,,,,,,,,,,,,,,,,,,
OtherComprehensiveIncomeLossPensionAndOtherPostretirementBenefitPlansTax,,,,,700000.000,,,,,,,,,,,,,,,,,,,,
OtherComprehensiveIncomeLossTax,,,,,2400000.000,,,,-1000000.000,,,,-500000.000,,,,-300000.000,,,,-2600000.000,,,,1200000.000
OtherNoncashIncomeExpense,,,,,1200000.000,,,,800000.000,,,,-300000.000,,,,-4900000.000,,,,100000.000,,,,-1400000.000
PaymentsForLegalSettlements,,,,,,,,,,,,,,,0.700,,,,,,,,,,
PaymentsForProceedsFromOtherInvestingActivities,700000.000,,,,4600000.000,,,,3200000.000,,,,5700000.000,,,,4800000.000,,,,5300000.000,,,,6600000.000
PaymentsForRepurchaseOfCommonStock,113700000.000,,,,6000000.000,,,,41600000.000,,,,50000000.000,,,,63900000.000,,,,106600000.000,,,,104200000.000
PaymentsOfDividends,39700000.000,,,,39000000.000,,,,0.000,,,,42000000.000,,,,42700000.000,,,,43500000.000,,,,45400000.000
PaymentsToAcquireBusinessesNetOfCashAcquired,600000.000,,,,188800000.000,,,,100000.000,,,,2000000.000,,,,12200000.000,,,,16400000.000,,,,37900000.000
PaymentsToAcquireInterestInSubsidiariesAndAffiliates,,,,,,,,,,,,,,,,,,,,,,,,,2600000.000
PaymentsToAcquirePropertyPlantAndEquipment,16700000.000,,,,17600000.000,,,,19800000.000,,,,15100000.000,,,,21700000.000,,,,27700000.000,,,,34300000.000
PensionExpense,,1600000.000,1300000.000,,,,,,,,,,,,,,,,,,,,,,
ProceedsFromIssuanceOfCommonStock,4000000.000,,,,3500000.000,,,,28400000.000,,,,4300000.000,,,,3500000.000,,,,1200000.000,,,,1300000.000
ProceedsFromIssuanceOfDebt,,,,,214000000.000,,,,,,,,,,,,400000.000,,,,0.000,,,,
ProceedsFromPaymentsForOtherFinancingActivities,5500000.000,,,,,,,,,,,,-400000.000,,,,-1800000.000,,,,-1700000.000,,,,-800000.000
ProceedsFromRepaymentsOfShortTermDebt,,,,,,,,,99000000.000,,,,126400000.000,,,,32800000.000,,,,81400000.000,,,,159100000.000
ProfitLoss,46300000.000,55500000.000,45300000.000,9300000.000,44500000.000,65400000.000,66600000.000,74000000.000,49500000.000,71900000.000,72000000.000,6300000.000,53700000.000,-23100000.000,49000000.000,21600000.000,72800000.000,78500000.000,96100000.000,81800000.000,91100000.000,119800000.000,93600000.000,81700000.000,86100000.000
ProvisionForDoubtfulAccounts,3100000.000,,,,2800000.000,,,,1600000.000,,,,1100000.000,,,,1500000.000,,,,1200000.000,,,,1600000.000
ReclassificationFromAccumulatedOtherComprehensiveIncomeCurrentPeriodBeforeTax,,,,,,,,,,,,,,,,,-2300000.000,,,,-5000000.000,,,,4100000.000
RepaymentsOfDebt,,,,,9800000.000,,,,800000.000,,,,6000000.000,,,,2500000.000,,,,600000.000,,,,4900000.000
RestructuringCharges,,,,,-300000.000,3000000.000,1200000.000,1800000.000,,,,,,,,,,,,,,,,,
Revenues,895800000.000,945200000.000,940900000.000,854100000.000,946800000.000,938800000.000,982200000.000,853000000.000,936000000.000,958800000.000,957700000.000,893500000.000,919100000.000,1085400000.000,1098100000.000,864200000.000,1091400000.000,1114900000.000,1121200000.000,1091100000.000,1056600000.000,1062300000.000,1046700000.000,996100000.000,1038900000.000
RevenuesFromTransactionsWithOtherOperatingSegmentsOfSameEntity,,76900000.000,77500000.000,,83000000.000,82700000.000,71300000.000,70000000.000,78800000.000,82500000.000,78400000.000,71700000.000,79500000.000,,,,,,,,,,,,
SalesRevenueNet,895800000.000,945200000.000,940900000.000,854100000.000,946800000.000,938800000.000,982200000.000,853000000.000,936000000.000,958800000.000,957700000.000,893500000.000,919100000.000,1001600000.000,997400000.000,864200000.000,966200000.000,997300000.000,1009100000.000,944600000.000,938400000.000,958900000.000,948900000.000,903700000.000,960300000.000
SegmentReportingInformationRevenue,,1022100000.000,1018400000.000,,1029800000.000,1021500000.000,1053500000.000,923000000.000,1014800000.000,1041300000.000,1036100000.000,965200000.000,998600000.000,,,,,,,,,,,,
SellingGeneralAndAdministrativeExpense,95800000.000,98100000.000,93900000.000,94300000.000,97900000.000,92500000.000,94700000.000,95300000.000,107700000.000,98800000.000,92100000.000,96200000.000,98500000.000,99800000.000,131400000.000,119900000.000,97500000.000,106600000.000,96900000.000,115900000.000,105100000.000,99700000.000,93900000.000,98100000.000,106400000.000
ShareBasedCompensation,13300000.000,7800000.000,8200000.000,6000000.000,10500000.000,7800000.000,7700000.000,7800000.000,11500000.000,,,,10500000.000,,,,12200000.000,,,,12400000.000,,,,10300000.000
ShareBasedCompensationArrangementByShareBasedPaymentAwardEquityInstrumentsOtherThanOptionsShareBasedLiabilitiesPaid,,,,,,,,,,,,,,,,,3.500,,,,,,,,
ShareBasedCompensationArrangementByShareBasedPaymentAwardFairValueAssumptionsExpectedDividendRate,,,,,0.048,,,,,,,,,,,,,,,,,,,,
ShareBasedCompensationArrangementByShareBasedPaymentAwardFairValueAssumptionsExpectedVolatilityRate,,,,,0.344,,,,,,,,,,,,,,,,,,,,
ShareBasedCompensationArrangementByShareBasedPaymentAwardFairValueAssumptionsRiskFreeInterestRate,,,,,0.019,,,,,,,,,,,,,,,,,,,,
ShareBasedCompensationArrangementByShareBasedPaymentAwardOptionsGrantsInPeriod,,,0.000,,900000.000,,,,,,,,,,,,,,,,,,,,
ShareBasedCompensationArrangementByShareBasedPaymentAwardOptionsGrantsInPeriodWeightedAverageGrantDateFairValue,,,,,4.680,,,,,,,,,,,,,,,,,,,,
StockIssuedDuringPeriodValueTreasuryStockReissued,,,,,7300000.000,,,,38900000.000,,,,9100000.000,,,,15900000.000,,,,12700000.000,,,,8200000.000
TangibleAssetImpairmentCharges,,400000.000,,,100000.000,900000.000,0.000,,,,,,,,,,,,,,,,,,
TreasuryStockValueAcquiredCostMethod,,,,,7700000.000,,,,50100000.000,,,,46400000.000,,,,68900000.000,,,,107200000.000,,,,106400000.000
WeightedAverageNumberDilutedSharesOutstandingAdjustment,,1800000.000,1300000.000,,1500000.000,1300000.000,1700000.000,-2837473.000,2100000.000,2300000.000,2100000.000,-4400000.000,1600000.000,0.000,1700000.000,-1500000.000,1900000.000,2000000.000,2100000.000,-4000000.000,2100000.000,2300000.000,2000000.000,-4300000.000,1300000.000
WeightedAverageNumberOfDilutedSharesOutstanding,150800000.000,147400000.000,145100000.000,-296300243.000,145100000.000,145400000.000,146100000.000,-290636688.000,148000000.000,148100000.000,147000000.000,-295800000.000,144000000.000,141400000.000,142500000.000,-284700000.000,143800000.000,143400000.000,142500000.000,-286800000.000,141200000.000,140100000.000,139400000.000,-280700000.000,138100000.000
WeightedAverageNumberOfSharesOutstandingBasic,149200000.000,145600000.000,143800000.000,-293187931.000,143600000.000,144100000.000,144400000.000,-287799215.000,145900000.000,145800000.000,144900000.000,-291400000.000,142400000.000,141400000.000,140800000.000,-283200000.000,141900000.000,141400000.000,140400000.000,-282800000.000,139100000.000,137800000.000,137400000.000,-276400000.000,136800000.000
