,2011-06-30,2011-09-30,2012-03-31,2012-06-30,2012-09-30,2012-12-31,2013-03-31,2013-06-30,2013-09-30,2013-12-31,2014-03-31,2014-06-30,2014-09-30,2014-12-31,2015-03-31,2015-06-30,2015-09-30,2015-12-31,2016-03-31,2016-06-30,2016-09-30,2016-12-31,2017-03-31
AdjustmentsToAdditionalPaidInCapitalSharebasedCompensationRequisiteServicePeriodRecognitionValue,,,58000.000,,,,5000.000,,,,,,,,31000.000,,,,46000.000,,,,23000.000
AdjustmentsToAdditionalPaidInCapitalStockIssuedIssuanceCosts,,,,,,,,,,,,,,,,,,,,,,,7000.000
AntidilutiveSecuritiesExcludedFromComputationOfEarningsPerShareAmount,,,,,,,,,,,,,,,,,,,,,,,1080613.000
CashAndCashEquivalentsPeriodIncreaseDecrease,,,309000.000,,,,644000.000,,,,-472.000,,,,,,,,,,,,
CashPeriodIncreaseDecrease,,,,,,,,,,,,,,,,,,,,,,,-192000.000
ComprehensiveIncomeNetOfTax,,,-822000.000,,,,,,,,,,,,,,,,,,,,
CostOfGoodsSold,850000.000,861000.000,578000.000,740000.000,620000.000,1029000.000,976000.000,801000.000,875000.000,-2648746.000,578.000,997000.000,781000.000,1505422.000,638000.000,733000.000,572000.000,532000.000,637000.000,608000.000,774000.000,703000.000,505000.000
CurrentIncomeTaxExpenseBenefit,,,,,,,,,,,,,,,,,,,,0.000,,,
DeferredIncomeTaxExpenseBenefit,,,,,,,,156000.000,,,,,,,,10000.000,13000.000,,,,,,
Depreciation,,,,,,,24000.000,,,,,,,,19000.000,,,,20000.000,,,,20000.000
DepreciationDepletionAndAmortization,,,38000.000,34000.000,29000.000,28000.000,24000.000,22000.000,22000.000,-68005.000,24.000,,,,,,,,,,,,
EarningsPerShareBasic,,,,,,,,0.020,0.030,,,0.030,-0.010,,,-0.040,,,,0.020,0.060,,
EarningsPerShareBasicAndDiluted,-0.020,-0.020,-0.160,-0.110,-0.220,0.090,0.020,,,,,,,,-0.070,,-0.120,,-0.110,0.020,0.060,-0.030,-0.050
EarningsPerShareDiluted,,,,,,,,0.020,0.030,,,0.030,-0.010,,,-0.040,,,,,,,
EffectiveIncomeTaxRateContinuingOperations,,,,0.000,0.000,,0.000,0.647,0.436,-1.073,,0.000,0.082,,0.000,0.048,0.022,0.850,0.000,0.000,0.000,-0.020,0.000
EffectiveIncomeTaxRateReconciliationAtFederalStatutoryIncomeTaxRate,,,,0.350,0.350,,0.350,0.350,0.350,-0.710,,0.340,0.340,,0.340,,,,0.340,,,,0.340
GainLossOnDerivativeInstrumentsNetPretax,29000.000,0.000,0.000,,,,,,,,,,,,,,,,,,,,
GainLossOnDispositionOfAssets,,,,,,,,,,,,,,,,,,,,,,,0.000
GainLossOnSaleOfDerivatives,,,0.000,,,,,,,,,,,,,,,,,,,,
GainLossOnSaleOfPropertyPlantEquipment,,,5000.000,,,,,,,,,,,,,,,,-6000.000,,,,
IncomeLossFromContinuingOperationsBeforeIncomeTaxesExtraordinaryItemsNoncontrollingInterest,,,,-509000.000,-1179000.000,,65000.000,241000.000,259000.000,-561386.000,,178000.000,-49000.000,,,,,,,,330000.000,,
IncomeLossFromContinuingOperationsBeforeIncomeTaxesMinorityInterestAndIncomeLossFromEquityMethodInvestments,-395000.000,-211000.000,-836000.000,,,,,,,,,,,,,,,,,,,,
IncomeLossFromContinuingOperationsIncludingPortionAttributableToNoncontrollingInterest,,,,-509000.000,-1185000.000,,66000.000,85000.000,146000.000,-293421.000,,,,,,,,,,,,,
IncomeTaxExpenseBenefit,0.000,0.000,,,6000.000,,-1000.000,156000.000,113000.000,-268035.000,,,4000.000,,,10000.000,13000.000,,,,1000.000,,0.000
IncreaseDecreaseInAccountsPayable,,,-14000.000,,,,257000.000,,,,56.000,,,,4000.000,,,,190000.000,,,,127000.000
IncreaseDecreaseInAccountsReceivable,,,-1220000.000,,,,-782000.000,,,,-3.000,,,,-162000.000,,,,-277000.000,,,,73000.000
IncreaseDecreaseInAccruedLiabilities,,,-119000.000,,,,-150000.000,,,,-171.000,,,,-127000.000,,,,26000.000,,,,16000.000
IncreaseDecreaseInDeferredRevenue,,,0.000,,,,-511000.000,,,,0.000,,,,,,,,,,,,
IncreaseDecreaseInInventories,,,50000.000,,,,-204000.000,,,,25.000,,,,-46000.000,,,,145000.000,,,,-83000.000
IncreaseDecreaseInOperatingCapital,,,,,,,,,,,,,,,2400000.000,,,,810000.000,,,,
IncreaseDecreaseInPrepaidDeferredExpenseAndOtherAssets,,,,,,,,,,,1.000,,,,37000.000,,,,4000.000,,,,-1000.000
InventoryWriteDown,,,,,,,,,,,16.000,,,,-38000.000,,,,153000.000,,,,7000.000
NetCashProvidedByUsedInContinuingOperations,,,,,,,,,,,,,,,-317000.000,,,,-126000.000,,,,
NetCashProvidedByUsedInFinancingActivities,,,0.000,,,,,,,,,,,,,,,,-10000.000,,,,17000.000
NetCashProvidedByUsedInFinancingActivitiesContinuingOperations,,,0.000,,,,,,,,,,,,,,,,-10000.000,,,,17000.000
NetCashProvidedByUsedInInvestingActivities,,,-1000.000,,,,-41000.000,,,,-3.000,,,,-14000.000,,,,-78000.000,,,,0.000
NetCashProvidedByUsedInInvestingActivitiesContinuingOperations,,,-1000.000,,,,-41000.000,,,,-3.000,,,,-14000.000,,,,-78000.000,,,,0.000
NetCashProvidedByUsedInOperatingActivities,,,310000.000,,,,685000.000,,,,-469.000,,,,-303000.000,,,,-38000.000,,,,-209000.000
NetCashProvidedByUsedInOperatingActivitiesContinuingOperations,,,310000.000,,,,685000.000,,,,-469.000,,,,-303000.000,,,,-38000.000,,,,-209000.000
NetIncomeLoss,-97000.000,-101000.000,-822000.000,-570000.000,-1149000.000,455000.000,86000.000,100000.000,164000.000,-346346.000,-432.000,178000.000,-53000.000,615432.000,-388000.000,-218000.000,-610000.000,-1616000.000,-586000.000,108000.000,329000.000,-210000.000,-413000.000
NetIncomeLossAttributableToNoncontrollingInterest,-298000.000,-110000.000,-14000.000,61000.000,-36000.000,-14000.000,-20000.000,-15000.000,-18000.000,53075.000,0.000,,,,,,,,,,,,
NonoperatingIncomeExpense,-9000.000,0.000,3000.000,180000.000,-7000.000,-14000.000,,9000.000,4000.000,,,,,,,,,,,,,,
OperatingIncomeLoss,-415000.000,-211000.000,-839000.000,-689000.000,-1172000.000,456000.000,65000.000,232000.000,255000.000,-551639.000,-432.000,178000.000,-49000.000,436432.000,-387000.000,-208000.000,-596000.000,-279000.000,-580000.000,109000.000,331000.000,-221000.000,-409000.000
OtherNonoperatingIncomeExpense,,,,,,,,,,,,,,,-1000.000,,-1000.000,,-6000.000,-1000.000,-1000.000,1000.000,-4000.000
PaymentsForRepurchaseOfCommonStock,,,,,,,,,,,,,,,,,,,,,,,0.000
PaymentsOfStockIssuanceCosts,,,,,,,,,,,,,,,,,,,,,,,7000.000
PaymentsToAcquirePropertyPlantAndEquipment,,,3000.000,7000.000,2000.000,5000.000,41000.000,0.000,26000.000,-67108.000,-3.000,,,,34000.000,,,,78000.000,,,,0.000
ProceedsFromRelatedPartyDebt,,,,,,,,,,,,,,,20000.000,,,,,,,,
ProceedsFromSaleOfPropertyPlantAndEquipment,,,2000.000,,,,,,,,,,,,,,,,,,,,
ProceedsFromStockOptionsExercised,,,,,,,,,,,,,,,,,,,,,,,24000.000
ProductWarrantyAccrualPayments,,,,,,,-5000.000,,,,,,,,2000.000,,,,2000.000,,,,1.000
ProductWarrantyAccrualWarrantiesIssued,,,,,,,7000.000,,,,,,,,4000.000,,,,3000.000,,,,3.000
ProfitLoss,-395000.000,-211000.000,-836000.000,,,,66000.000,,,,-432.000,178000.000,-53000.000,615432.000,-388000.000,,,,-586000.000,,,,
ProvisionForDoubtfulAccounts,,,,,,,,,,,,,,,25000.000,,,,-21000.000,,,,0.000
ResearchAndDevelopmentExpense,387000.000,371000.000,373000.000,337000.000,327000.000,327000.000,340000.000,307000.000,301000.000,,,371000.000,309000.000,,375000.000,378000.000,352000.000,441000.000,334000.000,310000.000,298000.000,301000.000,314000.000
ResultsOfOperationsIncomeBeforeIncomeTaxes,,,,,,,,,,,,,,,,-208000.000,-597000.000,,,108000.000,,,
Revenues,2140000.000,2326000.000,1204000.000,1366000.000,1083000.000,2247000.000,,,,,,,,,,,,,,,,,
SalesRevenueGoodsNet,2140000.000,2326000.000,1204000.000,1366000.000,1083000.000,2247000.000,2200000.000,2267000.000,2311000.000,-6769648.000,,2478000.000,1940000.000,,1636000.000,1951000.000,1296000.000,1447000.000,1225000.000,1808000.000,2232000.000,1791000.000,1297000.000
SalesRevenueNet,2140000.000,2326000.000,1204000.000,1366000.000,1083000.000,2247000.000,,,,,,,,,,,,,,,,,
SellingGeneralAndAdministrativeExpense,1318000.000,1305000.000,1092000.000,978000.000,1308000.000,435000.000,819000.000,927000.000,880000.000,-2622583.000,,932000.000,899000.000,,1010000.000,1048000.000,968000.000,753000.000,834000.000,781000.000,829000.000,1008000.000,887000.000
ShareBasedCompensation,,,58000.000,,,,5000.000,,,,15.000,,,,31000.000,,,,46000.000,,,,23000.000
StockIssuedDuringPeriodValueOther,,,,,,,,,,,,,,,,,,,-10000.000,,,,
StockIssuedDuringPeriodValueStockOptionsExercised,,,,,,,,,,,,,,,,,,,,,,,24000.000
StockRepurchasedDuringPeriodShares,,,,,,,,,,,,,,,,,,,10401.000,,,,
WeightedAverageNumberOfDilutedSharesOutstanding,,,,,,,,5258901.000,5387660.000,,,5495461.000,5256883.000,,,5258883.000,,,,5422842.000,5458871.000,,
WeightedAverageNumberOfShareOutstandingBasicAndDiluted,,,,5256246.000,5256883.000,,5256883.000,,,,5256883.000,,,,5258883.000,,5258883.000,,5253301.000,,,,9024782.000
WeightedAverageNumberOfSharesOutstandingBasic,,,,,,,,5256883.000,5256883.000,,,5256883.000,5256883.000,,,5258883.000,,,,5248482.000,5248482.000,,
