,2011-03-31,2011-06-30,2011-09-30,2011-12-31,2012-03-31,2012-06-30,2012-09-30,2012-12-31,2013-03-31,2013-06-30,2013-09-30,2013-12-31,2014-03-31,2014-06-30,2014-09-30,2014-12-31,2015-03-31,2015-06-30,2015-09-30,2015-12-31,2016-03-31,2016-06-30,2016-09-30,2016-12-31,2017-03-31
AccretionAmortizationOfDiscountsAndPremiumsInvestments,,,,,,,,,-340000000.000,,,,-667000000.000,,,,-978000000.000,,,,-1802000000.000,,,,-544000000.000
AdjustmentForAmortization,,382000000.000,,,,,,,,,,,,,,,,,,,,,,,
AffordableHousingTaxCreditsAndOtherTaxBenefitsAmount,,,,,,,,,,,,,,,,,,,,,193000000.000,,,,
AllowanceForLoanAndLeaseLossRecoveryOfBadDebts,,,,,,,,,,639000000.000,642000000.000,,480000000.000,771000000.000,624000000.000,768000000.000,451000000.000,485000000.000,443000000.000,388000000.000,428000000.000,393000000.000,389000000.000,417000000.000,376000000.000
AllowanceForLoanAndLeaseLossesAdjustmentsNet,,,,,,,,,,,,,,-9000000.000,-26000000.000,,-17000000.000,21000000.000,-64000000.000,-22000000.000,-8000000.000,-117000000.000,-8000000.000,-41000000.000,1000000.000
AllowanceForLoanAndLeaseLossesProvisionForLossGross,-6926000000.000,-6607000000.000,3474000000.000,23688000000.000,2457000000.000,1840000000.000,1810000000.000,2203000000.000,1731000000.000,,,,,,,,,,,,,,,,
AllowanceForLoanAndLeaseLossesProvisionForLossNet,-6028000000.000,-5665000000.000,,,,,,,,,,,,,,,,,,,,,,,
AllowanceForLoanAndLeaseLossesRecoveriesOfBadDebts,898000000.000,942000000.000,862000000.000,-6611000000.000,-724000000.000,-785000000.000,-571000000.000,-684000000.000,-545000000.000,,,,,,,,,,,,,,,,
AllowanceForLoanAndLeaseLossesWriteOffs,,,-5948000000.000,,4780000000.000,4411000000.000,4693000000.000,3788000000.000,3062000000.000,2750000000.000,2329000000.000,2228000000.000,1868000000.000,1844000000.000,1667000000.000,1647000000.000,1645000000.000,1553000000.000,1375000000.000,1532000000.000,1496000000.000,1378000000.000,1277000000.000,1297000000.000,
AllowanceForLoanAndLeaseLossesWriteoffsNet,,,,,,,,,,,,,,,1043000000.000,,1194000000.000,1068000000.000,932000000.000,1144000000.000,1068000000.000,985000000.000,888000000.000,880000000.000,
AmortizationOfIntangibleAssets,385000000.000,382000000.000,377000000.000,365000000.000,319000000.000,321000000.000,315000000.000,309000000.000,276000000.000,274000000.000,270000000.000,266000000.000,239000000.000,235000000.000,234000000.000,228000000.000,213000000.000,212000000.000,207000000.000,202000000.000,187000000.000,186000000.000,181000000.000,176000000.000,162000000.000
AvailableForSaleSecuritiesContinuousUnrealizedLossPosition12MonthsOrLongerAggregateLosses,-1431000000.000,,,,,,,,,,,,,,,,,,,,,,,,
AvailableForSaleSecuritiesContinuousUnrealizedLossPositionAggregateLosses,-4901000000.000,,,,,,,,,,,,,,,,,,,,,,,,
AvailableForSaleSecuritiesContinuousUnrealizedLossPositionLessThan12MonthsAggregateLosses,-3470000000.000,,,,,,,,,,,,,,,,,,,,,,,,
AvailableForSaleSecuritiesGrossRealizedGainLossNet,546000000.000,899000000.000,,,,,,,,,,,,,,,,,,,,,,,
AvailableForSaleSecuritiesGrossRealizedGains,554000000.000,901000000.000,745000000.000,,,,,,,,,,,,,,,,,,,,,,
AvailableForSaleSecuritiesGrossRealizedLosses,-8000000.000,2000000.000,8000000.000,,,,,,,,,,,,,,,,,,,,,,
AvailableforsaleSecuritiesGrossRealizedGainLossExcludingOtherThanTemporaryImpairments,,,,,,,,,,,,,,,,,268000000.000,,,,226000000.000,,,,52000000.000
BrokerageCommissionsRevenue,,583000000.000,610000000.000,,510000000.000,445000000.000,425000000.000,420000000.000,528000000.000,549000000.000,480000000.000,443000000.000,561000000.000,540000000.000,3327000000.000,8856000000.000,3378000000.000,3387000000.000,3336000000.000,3236000000.000,3182000000.000,3201000000.000,3160000000.000,3202000000.000,3262000000.000
BusinessCombinationIntegrationRelatedCosts,,79000000.000,62000000.000,,,,,,,,,,,,,,,,,,,,,,
CashAndCashEquivalentsPeriodIncreaseDecrease,-10885000000.000,,,,8690000000.000,,,,-9772000000.000,,,,20323000000.000,,,,23954000000.000,,,,20257000000.000,,,,20287000000.000
CashFlowHedgeGainLossReclassifiedToInterestExpenseNet,384000000.000,,,,,,,,,,,,,,,,,,,,,,,,
CashFlowHedgeGainLossToBeReclassifiedWithinTwelveMonths,1700000000.000,1700000000.000,,,-1300000000.000,-1300000000.000,-1200000000.000,2819000000.000,-900000000.000,-936000000.000,-889000000.000,1941000000.000,-781000000.000,-960000000.000,,,-863000000.000,,,,,,,,-301000000.000
CashFlowHedgeGainReclassifiedToInvestmentIncome,79000000.000,,,,,,,,,,,,,,,,,,,,,,,,
CashFlowHedgeLossReclassifiedToEarnings,,1100000000.000,,,,,,,,,,,,,,,,,,,,,,,
CertainLoansAcquiredInTransferAccountedForAsHeldToMaturityDebtSecuritiesAccretableYieldDisposalsOfLoans,,,,,,,,,,,,,,,1300000000.000,,586000000.000,,,,,,,,
CertainLoansAcquiredInTransferNotAccountedForAsDebtSecuritiesAccretableYieldAccretion,-367000000.000,-341000000.000,,,,,,,,,,,,,265000000.000,,233000000.000,220000000.000,208000000.000,200000000.000,192000000.000,185000000.000,176000000.000,169000000.000,163000000.000
CertainLoansAcquiredInTransferNotAccountedForAsDebtSecuritiesAccretableYieldDisposalsOfLoans,,,,,,,,,,,,,,,,,,401000000.000,220000000.000,,174000000.000,150000000.000,111000000.000,114000000.000,0.000
CertainLoansAcquiredInTransferNotAccountedForAsDebtSecuritiesAccretableYieldReclassificationsToFromNonaccretableDifference,,,,,,,,,,,,,,,242000000.000,,,150000000.000,290000000.000,,-16000000.000,101000000.000,34000000.000,325000000.000,-1000000.000
CertainLoansAcquiredInTransferNotAccountedForAsDebtSecuritiesAccretableYieldReclassificationsToNonaccretableDifference,991000000.000,-118000000.000,,,,,,,,,,,,,,,72000000.000,,,,,,,,
ChangeInUnrealizedGainLossOnHedgedItemInFairValueHedge,-1097000000.000,,,,2233000000.000,-2919000000.000,23000000.000,111000000.000,-1384000000.000,,,,,,,,,,,,,,,,
ChangeInUnrealizedGainLossOnHedgedItemInFairValueHedge1,,,,,,,,,,-2792000000.000,977000000.000,,-702000000.000,-1098000000.000,1857000000.000,-884000000.000,244000000.000,1634000000.000,-1989000000.000,1708000000.000,-3570000000.000,-687000000.000,314000000.000,5264000000.000,390000000.000
CommonStockDividendsPerShareCashPaid,0.010,0.010,0.010,0.010,0.010,0.010,0.010,0.010,0.010,0.010,0.010,0.010,0.010,0.010,0.050,0.050,0.050,0.050,0.050,0.050,0.050,0.050,0.075,0.075,0.075
CommonStockDividendsPerShareDeclared,0.010,0.010,,,,,,,,,0.010,,,,,,,,,,,,,,
Communication,371000000.000,391000000.000,405000000.000,386000000.000,400000000.000,417000000.000,410000000.000,433000000.000,409000000.000,411000000.000,397000000.000,376000000.000,370000000.000,324000000.000,311000000.000,254000000.000,171000000.000,202000000.000,210000000.000,240000000.000,173000000.000,189000000.000,189000000.000,195000000.000,191000000.000
ComprehensiveIncomeNetOfTax,,,,,1094000000.000,3959000000.000,3029000000.000,-1254000000.000,792000000.000,-209000000.000,3383000000.000,1805000000.000,1144000000.000,4617000000.000,-1036000000.000,4245000000.000,4710000000.000,3097000000.000,6004000000.000,1949000000.000,5744000000.000,5514000000.000,5223000000.000,-505000000.000,4828000000.000
ContractuallySpecifiedServicingFeesLateFeesAndAncillaryFeesEarnedInExchangeForServicingFinancialAssets,,,,,,,,,,,,,,,423000000.000,,389000000.000,353000000.000,307000000.000,,296000000.000,292000000.000,280000000.000,,
DeferredIncomeTaxExpenseBenefit,292000000.000,,,,-195000000.000,,,,-146000000.000,,,,-732000000.000,,,,228000000.000,,,,1218000000.000,,,,1109000000.000
DefinedBenefitPlanCurtailments,,,,,889000000.000,,,,,,,,,,,,,,,,,,,,
DefinedBenefitPlanFairValueOfPlanAssetsPeriodIncreaseDecrease,,,,,431000000.000,,,,,,,,,,,,,,,,,,,,
DefinedBenefitPlanRecognizedNetGainLossDueToCurtailments,,,,,-58000000.000,,,,,,,,,,,,,,,,,,,,
DepreciationNonproduction,,,,,468000000.000,,,,411000000.000,,,,390000000.000,,,,,,,,,,,,
DepreciationPremisesAndEquipment,507000000.000,,,,,,,,,,,,,,,,,,,,,,,,
DerivativeInstrumentsGainLossRecognizedInIncomeNet,963000000.000,,,,,,,,,,,,,,,,,,,,,,,,
DilutiveSecuritiesEffectOnBasicEarningsPerShareOther,,,,,,,,,,,,,,,0.000,,75000000.000,75000000.000,75000000.000,75000000.000,75000000.000,75000000.000,75000000.000,75000000.000,75000000.000
DividendsCommonStock,105000000.000,,,,,,,,,,,,,,,,,,,,,,,,
DividendsCommonStockCash,,,,,114000000.000,,,,109000000.000,,,,106000000.000,,,,527000000.000,,,,517000000.000,,,,757000000.000
DividendsPreferredStock,310000000.000,301000000.000,343000000.000,407000000.000,325000000.000,365000000.000,373000000.000,365000000.000,373000000.000,441000000.000,279000000.000,256000000.000,238000000.000,256000000.000,,,,,,,,,,,
DividendsPreferredStockCash,310000000.000,301000000.000,,,369000000.000,,,,373000000.000,365000000.000,255000000.000,256000000.000,238000000.000,,238000000.000,,382000000.000,330000000.000,441000000.000,330000000.000,457000000.000,361000000.000,503000000.000,361000000.000,502000000.000
EarningsPerShareBasic,0.170,-0.900,0.580,0.160,0.030,0.190,0.000,0.040,0.100,0.330,0.210,0.300,-0.050,0.190,-0.040,0.260,0.280,0.480,0.390,0.230,0.210,0.380,0.430,0.560,0.430
EarningsPerShareDiluted,0.170,-0.900,0.560,0.180,0.030,0.190,0.000,0.030,0.100,0.320,0.200,0.280,-0.050,0.190,-0.040,0.260,0.270,0.450,0.370,0.220,0.210,0.360,0.410,0.520,0.410
EffectOfExchangeRateOnCashAndCashEquivalents,102000000.000,,,,560000000.000,,,,-1358000000.000,,,,-2000000.000,,,,,,,,,,,,
EffectOfExchangeRateOnCashAndCashEquivalentsContinuingOperations,,,,,,,,,,,,,,,,,-1291000000.000,,,,1406000000.000,,,,813000000.000
EntityWideDisclosureOnGeographicAreasRevenueFromExternalCustomersAttributedToEntitysCountryOfDomicile,22842000000.000,,,,,,,,,,,,,,,,,,,,,,,,
EntityWideDisclosureOnGeographicAreasRevenueFromExternalCustomersAttributedToForeignCountries,4035000000.000,,,,,,,,,,,,,,,,,,,,,,,,
EquipmentExpense,606000000.000,593000000.000,616000000.000,525000000.000,611000000.000,546000000.000,561000000.000,551000000.000,550000000.000,532000000.000,538000000.000,526000000.000,546000000.000,534000000.000,514000000.000,531000000.000,512000000.000,500000000.000,499000000.000,528000000.000,463000000.000,451000000.000,443000000.000,447000000.000,438000000.000
EquityMethodInvestmentOtherThanTemporaryImpairment,,500000000.000,630000000.000,,,,,,,,,,,,,,,,,,,,,,
ExcessTaxBenefitFromShareBasedCompensationFinancingActivities,39000000.000,,,,10000000.000,,,,12000000.000,,,,34000000.000,,,,16000000.000,,,,5000000.000,,,,
FairValueAssetsAndLiabilitiesMeasuredOnRecurringBasisGainLossIncludedInEarnings,,,,,,,,,,,,,,,332000000.000,,-56000000.000,1312000000.000,905000000.000,-224000000.000,202000000.000,-89000000.000,349000000.000,,
FairValueAssetsMeasuredOnRecurringBasisGainLossIncludedInInvestmentIncome,122000000.000,,,,,,,,,,,,,,,,,,,,,,,,
FairValueLiabilitiesMeasuredOnRecurringBasisGainLossIncludedInOtherIncome,446000000.000,,,,,,,,,,,,,,,,,,,,,,,,
FairValueLiabilitiesMeasuredOnRecurringBasisGainLossIncludedInTradingRevenue,554000000.000,,,,,,,,,,,,,,,,,,,,,,,,
FairValueMeasurementWithUnobservableInputsReconciliationRecurringBasisAssetSales,,,,,,-98000000.000,-15000000.000,,-183000000.000,862000000.000,729000000.000,636000000.000,20000000.000,26000000.000,,,,,,,,,,,
FairValueNetDerivativeAssetLiabilityMeasuredOnRecurringBasisChangeInUnrealizedGainLoss,,,,,,,,,,,,,,,,,,,,,,,,,-489000000.000
FairValueNetDerivativeAssetLiabilityMeasuredOnRecurringBasisUnobservableInputsReconciliationGainLossIncludedInEarnings,,,,,,,,,,,,,,,241000000.000,,-44000000.000,610000000.000,1042000000.000,-273000000.000,403000000.000,84000000.000,-131000000.000,-71000000.000,-474000000.000
FairValueNetDerivativeAssetLiabilityMeasuredOnRecurringBasisUnobservableInputsReconciliationGainLossIncludedInOtherComprehensiveIncomeLoss,,,,,,,,,,,,,,,,,0.000,0.000,-5000000.000,-2000000.000,0.000,0.000,0.000,0.000,0.000
FairValueNetDerivativeAssetLiabilityMeasuredOnRecurringBasisUnobservableInputsReconciliationIssues,,,,,,,,,,,,,,,,,0.000,0.000,0.000,0.000,0.000,0.000,0.000,0.000,0.000
FairValueNetDerivativeAssetLiabilityMeasuredOnRecurringBasisUnobservableInputsReconciliationPurchases,,,,,,,,,,,,,,,339000000.000,,56000000.000,57000000.000,80000000.000,80000000.000,89000000.000,110000000.000,114000000.000,157000000.000,200000000.000
FairValueNetDerivativeAssetLiabilityMeasuredOnRecurringBasisUnobservableInputsReconciliationSales,,,,,,,,,,,,,,,372000000.000,,176000000.000,217000000.000,290000000.000,180000000.000,175000000.000,444000000.000,346000000.000,190000000.000,247000000.000
FairValueNetDerivativeAssetLiabilityMeasuredOnRecurringBasisUnobservableInputsReconciliationSettlements,,,,,,,,,,,,,,,-115000000.000,,-25000000.000,-196000000.000,115000000.000,367000000.000,-12000000.000,123000000.000,-118000000.000,-69000000.000,-170000000.000
FairValueNetDerivativeAssetLiabilityMeasuredOnRecurringBasisUnobservableInputsReconciliationTransfersIntoLevel3,,,,,,,,,,,,,,,-138000000.000,,-46000000.000,-14000000.000,-20000000.000,40000000.000,-116000000.000,-8000000.000,-53000000.000,-9000000.000,29000000.000
FairValueNetDerivativeAssetLiabilityMeasuredOnRecurringBasisUnobservableInputsReconciliationTransfersOutOfLevel3,,,,,,,,,,,,,,,-78000000.000,,-24000000.000,-98000000.000,-56000000.000,136000000.000,87000000.000,-48000000.000,41000000.000,282000000.000,30000000.000
FairValueOptionChangesInFairValueGainLoss,732000000.000,1597000000.000,7672000000.000,-406000000.000,-2827000000.000,1146000000.000,-1115000000.000,,,,,,,,,,,,,,,,,,
FairValueOptionChangesInFairValueGainLoss1,,,,,,,,,-895000000.000,1413000000.000,-45000000.000,912000000.000,-29000000.000,-2000000.000,849000000.000,1577000000.000,469000000.000,768000000.000,1592000000.000,-158000000.000,276000000.000,-522000000.000,1150000000.000,-130000000.000,1196000000.000
FeesAndCommissionsCreditAndDebitCards,,,,,,,,,1410000000.000,1469000000.000,1444000000.000,1503000000.000,1393000000.000,1441000000.000,1500000000.000,1610000000.000,1394000000.000,1477000000.000,1510000000.000,1578000000.000,1430000000.000,1464000000.000,1455000000.000,1502000000.000,1449000000.000
FeesAndCommissionsDepositorAccounts,2032000000.000,2012000000.000,2068000000.000,1982000000.000,1912000000.000,1934000000.000,1934000000.000,1820000000.000,1799000000.000,1837000000.000,1884000000.000,1870000000.000,1826000000.000,1866000000.000,1907000000.000,1844000000.000,1764000000.000,1857000000.000,1898000000.000,1862000000.000,1837000000.000,1871000000.000,1952000000.000,1978000000.000,1918000000.000
FeesAndCommissionsMortgageBanking,,-13196000000.000,1617000000.000,,1612000000.000,1659000000.000,2019000000.000,-540000000.000,1263000000.000,1178000000.000,585000000.000,848000000.000,412000000.000,527000000.000,272000000.000,352000000.000,694000000.000,1001000000.000,407000000.000,262000000.000,433000000.000,312000000.000,589000000.000,519000000.000,122000000.000
FutureAmortizationExpenseRemainderOfFiscalYear,,,,,320000000.000,,,,,,,,,,,,,,,,,,,,
FutureAmortizationExpenseYearFive,900000000.000,,,,670000000.000,,,,,,,,,,,,,,,,,,,,
FutureAmortizationExpenseYearFour,1000000000.000,,,,770000000.000,,,,,,,,,,,,,,,,,,,,
FutureAmortizationExpenseYearOne,375000000.000,,,,1100000000.000,,,,,,,,,,,,,,,,,,,,
FutureAmortizationExpenseYearThree,1200000000.000,,,,870000000.000,,,,,,,,,,,,,,,,,,,,
FutureAmortizationExpenseYearTwo,1300000000.000,,,,950000000.000,,,,,,,,,,,,,,,,,,,,
GainLossOnFairValueHedgeIneffectivenessNet,-134000000.000,,,,-108000000.000,-464000000.000,-305000000.000,-258000000.000,-260000000.000,-208000000.000,-298000000.000,-222000000.000,-214000000.000,-241000000.000,-255000000.000,-199000000.000,-250000000.000,-267000000.000,-210000000.000,-172000000.000,-219000000.000,-142000000.000,-187000000.000,-350000000.000,-214000000.000
GainLossOnFairValueHedgesRecognizedInEarnings,,,,,2125000000.000,-3383000000.000,-282000000.000,-147000000.000,-1644000000.000,-3000000000.000,679000000.000,-1204000000.000,488000000.000,857000000.000,-2112000000.000,685000000.000,-494000000.000,-1901000000.000,1779000000.000,-1880000000.000,3351000000.000,545000000.000,-501000000.000,-5614000000.000,-604000000.000
GainLossOnPriceRiskDerivativesNet,-55000000.000,1221000000.000,1158000000.000,,,,,,,,,,,,,,,,,,,,,,
GainLossOnSaleOfDebtInvestments,546000000.000,899000000.000,737000000.000,1192000000.000,752000000.000,400000000.000,339000000.000,171000000.000,68000000.000,457000000.000,356000000.000,390000000.000,377000000.000,382000000.000,,,,,,,,,,,
GainOnDiscontinuationOfCashFlowHedgeDueToForecastedTransactionProbableOfNotOccurring,,,38000000.000,,,,,,,,,,,,,,,,,,,,,,
GoodwillImpairmentLoss,,2603000000.000,0.000,,,0.000,0.000,,,,,,,,,,,,,,,,,,
ImpairmentOfInvestments,,,,,,,,,9000000.000,4000000.000,7000000.000,0.000,,,,,,,,,,,,,
IncomeLossFromContinuingOperationsBeforeIncomeTaxesExtraordinaryItemsNoncontrollingInterest,,-12628000000.000,7682000000.000,,,,,,,,,,-681000000.000,2795000000.000,431000000.000,4310000000.000,4742000000.000,7519000000.000,6069000000.000,3824000000.000,3699000000.000,5929000000.000,7304000000.000,8221000000.000,6565000000.000
IncomeLossFromContinuingOperationsBeforeIncomeTaxesMinorityInterestAndIncomeLossFromEquityMethodInvestments,2780000000.000,-12875000000.000,7433000000.000,,719000000.000,3147000000.000,1110000000.000,,1984000000.000,5498000000.000,4845000000.000,,,,,,,,,,,,,,
IncomeTaxExpenseBenefit,731000000.000,-4049000000.000,1201000000.000,441000000.000,66000000.000,684000000.000,770000000.000,-2636000000.000,501000000.000,1486000000.000,2348000000.000,406000000.000,-405000000.000,504000000.000,663000000.000,1260000000.000,1385000000.000,2199000000.000,1561000000.000,1121000000.000,1019000000.000,1697000000.000,2349000000.000,2182000000.000,1709000000.000
IncreaseDecreaseInAccountsPayableAndAccruedLiabilities,-16827000000.000,,,,12150000000.000,,,,-14528000000.000,,,,13337000000.000,,,,,,,,,,,,
IncreaseDecreaseInAccruedLiabilitiesAndOtherOperatingLiabilities,,,,,,,,,,,,,,,,,-7232000000.000,,,,-8556000000.000,,,,-4518000000.000
IncreaseDecreaseInDeposits,9745000000.000,,,,8270000000.000,,,,-10078000000.000,,,,14379000000.000,,,,34232000000.000,,,,20002000000.000,,,,11207000000.000
IncreaseDecreaseInFairValueAdjustmentsOnAssetsAndLiabilitiesCarriedAtFairValueUnderFairValueOption,,,,,,,,,-90000000.000,,,,197000000.000,,,,,,,,,,,,
IncreaseDecreaseInFederalFundsPurchasedAndSecuritiesSoldUnderAgreementsToRepurchaseNet,,,,,,,,,,,,,,,,,2481000000.000,,,,14669000000.000,,,,15807000000.000
IncreaseDecreaseInFinancialInstrumentsUsedInOperatingActivities,-7750000000.000,,,,27168000000.000,,,,-22642000000.000,,,,-13536000000.000,,,,,,,,,,,,
IncreaseDecreaseInOtherOperatingAssets,5099000000.000,,,,11181000000.000,,,,-11028000000.000,,,,3319000000.000,,,,5344000000.000,,,,-2361000000.000,,,,-3577000000.000
IncreaseDecreaseInOtherOperatingCapitalNet,-7099000000.000,,,,-7685000000.000,,,,-2021000000.000,,,,-444000000.000,,,,1632000000.000,,,,-81000000.000,,,,-1447000000.000
IncrementalCommonSharesAttributableToCallOptionsAndWarrants,,,,,,,,,,,,,,,,,,,150000000.000,,150000000.000,150000000.000,150000000.000,,
InformationTechnologyAndDataProcessing,695000000.000,643000000.000,626000000.000,688000000.000,856000000.000,692000000.000,640000000.000,773000000.000,812000000.000,779000000.000,779000000.000,800000000.000,833000000.000,761000000.000,754000000.000,796000000.000,852000000.000,715000000.000,731000000.000,817000000.000,838000000.000,717000000.000,685000000.000,767000000.000,794000000.000
InsuranceCommissionsAndFees,613000000.000,400000000.000,190000000.000,143000000.000,-60000000.000,127000000.000,-138000000.000,-124000000.000,,,,,,,,,,,,,,,,,
InterestAndDividendIncomeOperating,17922000000.000,17048000000.000,15853000000.000,15413000000.000,15461000000.000,13992000000.000,13976000000.000,13971000000.000,14101000000.000,13825000000.000,13382000000.000,13712000000.000,12935000000.000,12941000000.000,12858000000.000,12152000000.000,11963000000.000,13132000000.000,12007000000.000,12698000000.000,11695000000.000,11668000000.000,12610000000.000,15084000000.000,13710000000.000
InterestAndDividendIncomeSecurities,,,,,,,,,,,,,,,2225000000.000,,1887000000.000,3070000000.000,1839000000.000,2523000000.000,1204000000.000,1355000000.000,2144000000.000,4464000000.000,2541000000.000
InterestAndDividendIncomeSecuritiesTradingOrMeasuredAtFairValue,1626000000.000,1538000000.000,1500000000.000,1297000000.000,1352000000.000,1246000000.000,1189000000.000,1307000000.000,1337000000.000,1181000000.000,1049000000.000,1139000000.000,1177000000.000,1175000000.000,1111000000.000,1098000000.000,1083000000.000,1074000000.000,1134000000.000,1106000000.000,1179000000.000,1075000000.000,1076000000.000,1093000000.000,1076000000.000
InterestAndFeeIncomeLoansAndLeases,,,,,,,,,,,,,,,8535000000.000,,8036000000.000,7978000000.000,8005000000.000,8051000000.000,8260000000.000,8219000000.000,8358000000.000,8391000000.000,8754000000.000
InterestAndFeeIncomeLoansAndLeasesHeldInPortfolio,11929000000.000,11320000000.000,11205000000.000,10512000000.000,10173000000.000,9744000000.000,9597000000.000,9366000000.000,9178000000.000,9060000000.000,9146000000.000,9086000000.000,8760000000.000,8635000000.000,,,,,,,,,,,
InterestExpense,5743000000.000,5802000000.000,5363000000.000,4712000000.000,4615000000.000,4444000000.000,4038000000.000,3647000000.000,3437000000.000,3276000000.000,3116000000.000,2926000000.000,2850000000.000,2928000000.000,2639000000.000,2517000000.000,2512000000.000,2644000000.000,2496000000.000,2897000000.000,2524000000.000,2455000000.000,2409000000.000,2573000000.000,2652000000.000
InterestExpenseDeposits,839000000.000,843000000.000,704000000.000,616000000.000,549000000.000,519000000.000,484000000.000,438000000.000,382000000.000,366000000.000,334000000.000,314000000.000,291000000.000,282000000.000,270000000.000,237000000.000,220000000.000,216000000.000,214000000.000,211000000.000,225000000.000,245000000.000,266000000.000,279000000.000,282000000.000
InterestExpenseLongTermDebt,3093000000.000,2991000000.000,2959000000.000,2764000000.000,2708000000.000,2534000000.000,2243000000.000,1934000000.000,1834000000.000,1674000000.000,1724000000.000,1566000000.000,1515000000.000,1485000000.000,1386000000.000,1314000000.000,1313000000.000,1407000000.000,1343000000.000,1895000000.000,1393000000.000,1343000000.000,1330000000.000,1512000000.000,1459000000.000
InterestExpenseShortTermBorrowings,1184000000.000,1341000000.000,1153000000.000,921000000.000,881000000.000,943000000.000,893000000.000,855000000.000,749000000.000,809000000.000,683000000.000,682000000.000,609000000.000,763000000.000,591000000.000,615000000.000,606000000.000,686000000.000,597000000.000,498000000.000,614000000.000,625000000.000,569000000.000,542000000.000,647000000.000
InterestExpenseTradingLiabilities,627000000.000,627000000.000,547000000.000,411000000.000,477000000.000,448000000.000,418000000.000,420000000.000,472000000.000,427000000.000,375000000.000,364000000.000,435000000.000,398000000.000,392000000.000,351000000.000,373000000.000,335000000.000,342000000.000,293000000.000,292000000.000,242000000.000,244000000.000,240000000.000,264000000.000
InterestIncomeExpenseNet,12179000000.000,11246000000.000,10490000000.000,10701000000.000,10846000000.000,9548000000.000,9938000000.000,10324000000.000,10664000000.000,10549000000.000,10266000000.000,10786000000.000,10085000000.000,10013000000.000,10219000000.000,9635000000.000,9451000000.000,10488000000.000,9511000000.000,9801000000.000,9171000000.000,9213000000.000,10201000000.000,12511000000.000,11058000000.000
InterestIncomeFederalFundsSoldAndSecuritiesPurchasedUnderAgreementsToResell,517000000.000,597000000.000,584000000.000,449000000.000,460000000.000,360000000.000,353000000.000,329000000.000,315000000.000,319000000.000,291000000.000,304000000.000,265000000.000,297000000.000,239000000.000,238000000.000,231000000.000,268000000.000,275000000.000,214000000.000,276000000.000,260000000.000,267000000.000,315000000.000,439000000.000
InterestRevenueExpense,,11493000000.000,10739000000.000,,11053000000.000,9782000000.000,10167000000.000,,,,,,,,,,,,,,,,,,
InterestRevenueExpenseNet,,,,,,,,,10875000000.000,10771000000.000,10479000000.000,10999000000.000,10286000000.000,10226000000.000,,,,,,,,,,,
InvestmentBankingRevenue,,,,,,,,,,,,,,1631000000.000,1351000000.000,,1487000000.000,1526000000.000,1287000000.000,1272000000.000,1153000000.000,1408000000.000,1458000000.000,1222000000.000,1584000000.000
LaborAndRelatedExpense,10168000000.000,9171000000.000,8865000000.000,8761000000.000,10188000000.000,8729000000.000,8431000000.000,8300000000.000,9891000000.000,8531000000.000,8310000000.000,7987000000.000,9749000000.000,8306000000.000,8039000000.000,7693000000.000,9614000000.000,7890000000.000,7829000000.000,7535000000.000,8852000000.000,7722000000.000,7704000000.000,7338000000.000,9158000000.000
LiabilitiesFairValueAdjustment,,,,,,,,,-100000000.000,10000000.000,-152000000.000,-407000000.000,,,,,,,,,,,,,
LitigationSettlementExpense,,2300000000.000,566000000.000,,793000000.000,963000000.000,1600000000.000,844000000.000,2200000000.000,471000000.000,1100000000.000,2329000000.000,6000000000.000,4000000000.000,6000000000.000,400000000.000,370000000.000,175000000.000,231000000.000,424000000.000,388000000.000,270000000.000,250000000.000,292000000.000,274000000.000
LossContingencyAccrualCarryingValuePayments,,,,,,,,,,,,,,,112000000.000,,65000000.000,72000000.000,42000000.000,50000000.000,43000000.000,,,,
LossContingencyLossInPeriod,,,,,,,,,,,,,,,69000000.000,,37000000.000,41000000.000,30000000.000,20000000.000,27000000.000,,,,
MarketableSecuritiesRealizedGainLossExcludingOtherThanTemporaryImpairments,,,,,,,,,,,,,,,432000000.000,,268000000.000,168000000.000,385000000.000,270000000.000,226000000.000,267000000.000,51000000.000,-54000000.000,52000000.000
MarketingAndAdvertisingExpense,564000000.000,560000000.000,556000000.000,523000000.000,465000000.000,449000000.000,479000000.000,480000000.000,429000000.000,437000000.000,511000000.000,457000000.000,442000000.000,450000000.000,446000000.000,491000000.000,440000000.000,445000000.000,445000000.000,481000000.000,419000000.000,414000000.000,410000000.000,460000000.000,332000000.000
NetCashProvidedByUsedInFinancingActivities,3557000000.000,,,,35139000000.000,,,,-36552000000.000,,,,27017000000.000,,,,38512000000.000,,,,29382000000.000,,,,46339000000.000
NetCashProvidedByUsedInFinancingActivitiesContinuingOperations,3557000000.000,,,,35139000000.000,,,,-36552000000.000,,,,27017000000.000,,,,38512000000.000,,,,29382000000.000,,,,46339000000.000
NetCashProvidedByUsedInInvestingActivities,-13968000000.000,,,,-11406000000.000,,,,1670000000.000,,,,-29415000000.000,,,,-8575000000.000,,,,-21374000000.000,,,,-14019000000.000
NetCashProvidedByUsedInInvestingActivitiesContinuingOperations,-13968000000.000,,,,-11406000000.000,,,,1670000000.000,,,,-29415000000.000,,,,-8575000000.000,,,,-21374000000.000,,,,-14019000000.000
NetCashProvidedByUsedInOperatingActivities,-576000000.000,,,,-15603000000.000,,,,26468000000.000,,,,22723000000.000,,,,-4692000000.000,,,,10843000000.000,,,,-12846000000.000
NetCashProvidedByUsedInOperatingActivitiesContinuingOperations,-576000000.000,,,,-15603000000.000,,,,26468000000.000,,,,22723000000.000,,,,-4692000000.000,,,,10843000000.000,,,,-12846000000.000
NetIncomeLoss,2049000000.000,-8826000000.000,6232000000.000,1991000000.000,653000000.000,2463000000.000,340000000.000,732000000.000,1483000000.000,4012000000.000,2497000000.000,3439000000.000,-276000000.000,2291000000.000,-232000000.000,3050000000.000,3357000000.000,5320000000.000,4508000000.000,2703000000.000,2680000000.000,4232000000.000,4955000000.000,6039000000.000,4856000000.000
NetIncomeLossAvailableToCommonStockholdersBasic,1739000000.000,-9127000000.000,5889000000.000,1584000000.000,328000000.000,2098000000.000,-33000000.000,367000000.000,1110000000.000,3571000000.000,2218000000.000,3183000000.000,-514000000.000,2035000000.000,-470000000.000,2738000000.000,2975000000.000,4990000000.000,4067000000.000,2373000000.000,2223000000.000,3871000000.000,4452000000.000,5678000000.000,4354000000.000
NetIncomeLossAvailableToCommonStockholdersDiluted,,,5893000000.000,,,2172000000.000,-33000000.000,,1110000000.000,3645000000.000,2292000000.000,3333000000.000,,2110000000.000,-470000000.000,,3050000000.000,5065000000.000,4142000000.000,2448000000.000,2298000000.000,3946000000.000,4527000000.000,5753000000.000,4429000000.000
NoninterestExpense,20283000000.000,22856000000.000,17613000000.000,19522000000.000,19141000000.000,17048000000.000,17544000000.000,18360000000.000,19500000000.000,16018000000.000,16389000000.000,17307000000.000,22238000000.000,18541000000.000,20142000000.000,14196000000.000,15695000000.000,13818000000.000,13807000000.000,13872000000.000,14816000000.000,13493000000.000,13481000000.000,13161000000.000,14848000000.000
NoninterestIncome,14698000000.000,1990000000.000,17963000000.000,14187000000.000,11432000000.000,12420000000.000,10490000000.000,8336000000.000,12533000000.000,12178000000.000,11264000000.000,10702000000.000,12481000000.000,11734000000.000,10990000000.000,9090000000.000,11751000000.000,11629000000.000,11171000000.000,8705000000.000,10341000000.000,11185000000.000,11434000000.000,9645000000.000,11190000000.000
NoninterestIncomeOtherOperatingIncome,261000000.000,1957000000.000,4511000000.000,140000000.000,-1134000000.000,603000000.000,-790000000.000,-518000000.000,-112000000.000,-76000000.000,260000000.000,-101000000.000,412000000.000,407000000.000,293000000.000,91000000.000,492000000.000,478000000.000,763000000.000,-915000000.000,418000000.000,644000000.000,628000000.000,195000000.000,472000000.000
OccupancyNet,1189000000.000,1245000000.000,1183000000.000,1131000000.000,1142000000.000,1117000000.000,1160000000.000,1151000000.000,1154000000.000,1109000000.000,1096000000.000,1116000000.000,1115000000.000,1079000000.000,1070000000.000,996000000.000,1027000000.000,1027000000.000,1028000000.000,1011000000.000,1028000000.000,1036000000.000,1005000000.000,969000000.000,1000000000.000
OtherComprehensiveIncomeAvailableForSaleSecuritiesAdjustmentNetOfTaxPeriodIncreaseDecrease,161000000.000,,,,-924000000.000,1530000000.000,2365000000.000,,,,,,,,,,,,,,,,,,
OtherComprehensiveIncomeAvailableforsaleSecuritiesAdjustmentNetOfTaxPortionAttributableToParent,,,,,,,,,,,,,1289000000.000,2305000000.000,-994000000.000,2021000000.000,1336000000.000,-2537000000.000,1418000000.000,-1815000000.000,2891000000.000,1177000000.000,208000000.000,-5621000000.000,-99000000.000
OtherComprehensiveIncomeDefinedBenefitPlanNetPriorServiceCostCreditArisingDuringPeriodBeforeTax,,,,,1300000000.000,,,,,,,,,,,,,,,,,,,,
OtherComprehensiveIncomeDefinedBenefitPlanNetPriorServiceCostsCreditArisingDuringPeriodNetOfTax,,,,,832000000.000,,,,,,,,,,,,,,,,,,,,
OtherComprehensiveIncomeDefinedBenefitPlansAdjustmentBeforeTaxPortionAttributableToParent,,,,,1509000000.000,,,,-116000000.000,,,,,,,,-40000000.000,,,,,,,,
OtherComprehensiveIncomeDefinedBenefitPlansAdjustmentNetOfTaxPeriodIncreaseDecrease,75000000.000,,,,952000000.000,79000000.000,75000000.000,,,,,,,,,,,,,,,,,,
OtherComprehensiveIncomeDefinedBenefitPlansAdjustmentNetOfTaxPortionAttributableToParent,,,,,952000000.000,,,,-85000000.000,,-1380000000.000,,-49000000.000,-7000000.000,-8000000.000,1007000000.000,-25000000.000,-25000000.000,-27000000.000,-317000000.000,-10000000.000,-13000000.000,-6000000.000,553000000.000,-27000000.000
OtherComprehensiveIncomeDefinedBenefitPlansTaxPortionAttributableToParent,,,,,557000000.000,,,,-31000000.000,,,,,,,,-15000000.000,,,,,,,,
OtherComprehensiveIncomeDerivativesQualifyingAsHedgesBeforeTaxPortionAttributableToParent,,,,,-607000000.000,,,,276000000.000,,,,,,,,70000000.000,,,,,,,,
OtherComprehensiveIncomeDerivativesQualifyingAsHedgesNetOfTaxPeriodIncreaseDecrease,266000000.000,,,,382000000.000,-81000000.000,234000000.000,,,,,,,,,,,,,,,,,,
OtherComprehensiveIncomeDerivativesQualifyingAsHedgesNetOfTaxPortionAttributableToParent,,,,,-382000000.000,,,,172000000.000,,,,208000000.000,7000000.000,196000000.000,205000000.000,43000000.000,246000000.000,127000000.000,168000000.000,24000000.000,126000000.000,127000000.000,-95000000.000,38000000.000
OtherComprehensiveIncomeDerivativesQualifyingAsHedgesTaxPortionAttributableToParent,,,,,-225000000.000,,,,104000000.000,,,,,,,,27000000.000,,,,,,,,
OtherComprehensiveIncomeFinalizationOfPensionAndNonPensionPostretirementPlanValuationTax,,,,,,,,,,,,,-41000000.000,,,,0.000,,,,,,,,
OtherComprehensiveIncomeForeignCurrencyTransactionAndTranslationAdjustmentBeforeTaxPortionAttributableToParent,,,,,256000000.000,,,,562000000.000,,,,,,,,462000000.000,,,,,,,,
OtherComprehensiveIncomeForeignCurrencyTransactionAndTranslationAdjustmentNetOfTaxPeriodIncreaseDecrease,27000000.000,,,,31000000.000,-32000000.000,15000000.000,,,,,,,,,,,,,,,,,,
OtherComprehensiveIncomeForeignCurrencyTransactionAndTranslationAdjustmentNetOfTaxPortionAttributableToParent,,,,,-31000000.000,,,,-42000000.000,,,,,,-14000000.000,,-51000000.000,43000000.000,-76000000.000,-39000000.000,12000000.000,-21000000.000,-8000000.000,-70000000.000,-3000000.000
OtherComprehensiveIncomeForeignCurrencyTransactionAndTranslationGainLossArisingDuringPeriodNetOfTax,,,,,-31000000.000,,,,-41000000.000,,,,-126000000.000,7000000.000,,,-51000000.000,,,,,,,,
OtherComprehensiveIncomeForeignCurrencyTransactionAndTranslationGainLossBeforeReclassificationAndTax,,,,,256000000.000,,,,528000000.000,,,,-98000000.000,,,,462000000.000,,,,,,,,
OtherComprehensiveIncomeForeignCurrencyTranslationAdjustmentTaxPortionAttributableToParent,,,,,287000000.000,,,,604000000.000,,,,,,,,513000000.000,,,,,,,,
OtherComprehensiveIncomeForeignCurrencyTranslationGainLossArisingDuringPeriodTax,,,,,287000000.000,,,,569000000.000,,,,28000000.000,,,,513000000.000,,,,,,,,
OtherComprehensiveIncomeLossAvailableForSaleSecuritiesAdjustmentNetOfTax,,,,,,,,,-906000000.000,-4233000000.000,-631000000.000,-2396000000.000,1289000000.000,,,,,,,,,,,,
OtherComprehensiveIncomeLossBeforeTax,,,,,,,,,-486000000.000,,,,2219000000.000,,,,,,,,4795000000.000,,,,
OtherComprehensiveIncomeLossBeforeTaxPeriodIncreaseDecrease,,,,,391000000.000,,,,,,,,,,,,,,,,,,,,
OtherComprehensiveIncomeLossBeforeTaxPortionAttributableToParent,,,,,,,,,,,,,,,,,2726000000.000,,,,,,,,
OtherComprehensiveIncomeLossDerivativesQualifyingAsHedgesBeforeTax,,,,,,,,,,,,,304000000.000,,,,,,,,,,,,
OtherComprehensiveIncomeLossDerivativesQualifyingAsHedgesNetOfTax,,,,,,,,,172000000.000,13000000.000,180000000.000,227000000.000,208000000.000,,,,,,,,,,,,
OtherComprehensiveIncomeLossDerivativesQualifyingAsHedgesTax,,,,,,,,,,,,,96000000.000,,,,,,,,,,,,
OtherComprehensiveIncomeLossFinalizationOfPensionAndNonPensionPostretirementPlanValuationBeforeTax,,,,,,,,,,,,,0.000,,,,0.000,,,,,,,,
OtherComprehensiveIncomeLossFinalizationOfPensionAndNonPensionPostretirementPlanValuationNetOfTax,,,,,,,,,,,,,41000000.000,,,,0.000,,,,,,,,
OtherComprehensiveIncomeLossForeignCurrencyTransactionAndTranslationAdjustmentBeforeTax,,,,,,,,,,,,,-96000000.000,,,,,,,,,,,,
OtherComprehensiveIncomeLossForeignCurrencyTransactionAndTranslationAdjustmentNetOfTax,,,,,,,,,-42000000.000,-49000000.000,-43000000.000,-6000000.000,-125000000.000,,,,,,,,,,,,
OtherComprehensiveIncomeLossForeignCurrencyTransactionAndTranslationReclassificationAdjustmentFromAOCIRealizedUponSaleOrLiquidationBeforeTax,,,,,,,,,,,,,2000000.000,,,,0.000,,,,,,,,
OtherComprehensiveIncomeLossForeignCurrencyTransactionAndTranslationReclassificationAdjustmentFromAOCIRealizedUponSaleOrLiquidationNetOfTax,,,,,,,,,,,,,1000000.000,,,,,,,,,,,,
OtherComprehensiveIncomeLossForeignCurrencyTransactionAndTranslationReclassificationAdjustmentFromAOCIRealizedUponSaleOrLiquidationTax,,,,,,,,,,,,,1000000.000,,,,,,,,,,,,
OtherComprehensiveIncomeLossForeignCurrencyTransactionAndTranslationReclassificationAdjustmentRealizedUponSaleOrLiquidationBeforeTax,,,,,,,,,34000000.000,,,,,,,,,,,,,,,,
OtherComprehensiveIncomeLossForeignCurrencyTransactionAndTranslationReclassificationAdjustmentRealizedUponSaleOrLiquidationNetOfTax,,,,,,,,,-1000000.000,,,,,,,,,,,,,,,,
OtherComprehensiveIncomeLossForeignCurrencyTranslationAdjustmentTax,,,,,,,,,,,,,29000000.000,,,,,,,,,,,,
OtherComprehensiveIncomeLossForeignCurrencyTranslationReclassificationAdjustmentRealizedUponSaleOrLiquidationTax,,,,,,,,,35000000.000,,,,,,,,,,,,,,,,
OtherComprehensiveIncomeLossNetOfTax,,,,,,,,,-691000000.000,-4221000000.000,886000000.000,-1634000000.000,1420000000.000,,,,,,,,3064000000.000,,,,
OtherComprehensiveIncomeLossNetOfTaxPeriodIncreaseDecrease,,,,,441000000.000,1496000000.000,2689000000.000,,,,,,,,,,,,,,,,,,
OtherComprehensiveIncomeLossNetOfTaxPortionAttributableToParent,,,,,,,,,,,,,1420000000.000,2326000000.000,-804000000.000,1195000000.000,1353000000.000,-2223000000.000,1496000000.000,-754000000.000,3064000000.000,1282000000.000,268000000.000,-6544000000.000,-28000000.000
OtherComprehensiveIncomeLossPensionAndOtherPostretirementBenefitPlansAdjustmentBeforeTax,,,,,,,,,,,,,-13000000.000,,,,,,,,,,,,
OtherComprehensiveIncomeLossPensionAndOtherPostretirementBenefitPlansAdjustmentNetOfTax,,,,,,,,,-85000000.000,-48000000.000,1400000000.000,-3316000000.000,-49000000.000,,,,,,,,,,,,
OtherComprehensiveIncomeLossPensionAndOtherPostretirementBenefitPlansTax,,,,,,,,,,,,,36000000.000,,,,,,,,,,,,
OtherComprehensiveIncomeLossReclassificationAdjustmentFromAOCIOnDerivativesBeforeTax,,,,,,,,,,,,,-131000000.000,,,,-256000000.000,,,,,,,,
OtherComprehensiveIncomeLossReclassificationAdjustmentFromAOCIOnDerivativesNetOfTax,,,,,,,,,,,,,-82000000.000,,,,-160000000.000,,,,,,,,
OtherComprehensiveIncomeLossReclassificationAdjustmentFromAOCIOnDerivativesTax,,,,,,,,,,,,,-49000000.000,,,,-96000000.000,,,,,,,,
OtherComprehensiveIncomeLossReclassificationAdjustmentFromAOCIPensionAndOtherPostretirementBenefitPlansBeforeTax,,,,,,,,,,,,,13000000.000,,,,42000000.000,,,,,,,,
OtherComprehensiveIncomeLossReclassificationAdjustmentFromAOCIPensionAndOtherPostretirementBenefitPlansNetOfTax,,,,,,,,,,,,,8000000.000,,,,26000000.000,,,,,,,,
OtherComprehensiveIncomeLossReclassificationAdjustmentFromAOCIPensionAndOtherPostretirementBenefitPlansTax,,,,,,,,,,,,,5000000.000,,,,16000000.000,,,,,,,,
OtherComprehensiveIncomeLossReclassificationAdjustmentOnDerivativesIncludedInNetIncomeBeforeTax,,,,,,,,,235000000.000,,,,,,,,,,,,,,,,
OtherComprehensiveIncomeLossReclassificationAdjustmentOnDerivativesIncludedInNetIncomeNetOfTax,,,,,,,,,148000000.000,,,,,,,,,,,,,,,,
OtherComprehensiveIncomeLossReclassificationAdjustmentOnDerivativesIncludedInNetIncomeTax,,,,,,,,,87000000.000,,,,,,,,,,,,,,,,
OtherComprehensiveIncomeLossTax,,,,,50000000.000,,,,-205000000.000,,,,799000000.000,,,,,,,,1731000000.000,,,,
OtherComprehensiveIncomeLossTaxPortionAttributableToParent1,,,,,,,,,,,,,,,,,1373000000.000,,,,,,,,
OtherComprehensiveIncomeReclassificationAdjustmentOnDerivativesIncludedInNetIncomeBeforeTax,,,,,194000000.000,,,,,,,,,,,,,,,,,,,,
OtherComprehensiveIncomeReclassificationAdjustmentOnDerivativesIncludedInNetIncomeNetOfTax,,,,,122000000.000,,,,,,,,,,,,,,,,,,,,
OtherComprehensiveIncomeReclassificationAdjustmentOnDerivativesIncludedInNetIncomeTax,,,,,72000000.000,,,,,,,,,,,,,,,,,,,,
OtherComprehensiveIncomeReclassificationOfDefinedBenefitPlansNetGainLossRecognizedInNetPeriodicBenefitCostBeforeTax,,,,,-128000000.000,,,,74000000.000,,,,,,,,,,,,,,,,
OtherComprehensiveIncomeReclassificationOfDefinedBenefitPlansNetGainLossRecognizedInNetPeriodicBenefitCostNetOfTax,,,,,-82000000.000,,,,53000000.000,,,,,,,,,,,,,,,,
OtherComprehensiveIncomeReclassificationOfDefinedBenefitPlansNetGainLossRecognizedInNetPeriodicBenefitCostTax,,,,,46000000.000,,,,,,,,,,,,,,,,,,,,
OtherComprehensiveIncomeUnrealizedGainLossOnDerivativesArisingDuringPeriodBeforeTax,,,,,-413000000.000,,,,41000000.000,,,,173000000.000,,,,-186000000.000,,,,,,,,
OtherComprehensiveIncomeUnrealizedGainLossOnDerivativesArisingDuringPeriodNetOfTax,,,,,-260000000.000,,,,24000000.000,,,,126000000.000,,,,-117000000.000,,,,,,,,
OtherComprehensiveIncomeUnrealizedGainLossOnDerivativesArisingDuringPeriodTax,,,,,-153000000.000,,,,17000000.000,,,,47000000.000,,,,-69000000.000,,,,,,,,
OtherComprehensiveIncomeUnrealizedHoldingGainLossOnSecuritiesArisingDuringPeriodTax,,,,,1300000000.000,2200000000.000,3400000000.000,-4300000000.000,2000000000.000,-388000000.000,-528000000.000,-2984000000.000,-1200000000.000,,,,,,,,,,,,
OtherInterestAndDividendIncome,968000000.000,918000000.000,835000000.000,920000000.000,751000000.000,740000000.000,806000000.000,851000000.000,722000000.000,717000000.000,691000000.000,736000000.000,736000000.000,710000000.000,748000000.000,764000000.000,726000000.000,742000000.000,754000000.000,804000000.000,776000000.000,759000000.000,765000000.000,821000000.000,900000000.000
OtherNoninterestExpense,5457000000.000,6343000000.000,3872000000.000,5429000000.000,4377000000.000,3855000000.000,4675000000.000,5367000000.000,5330000000.000,3251000000.000,3786000000.000,4940000000.000,8386000000.000,6226000000.000,8163000000.000,2530000000.000,2445000000.000,2333000000.000,2185000000.000,2382000000.000,2431000000.000,2306000000.000,2328000000.000,2271000000.000,2317000000.000
OtherRestructuringCosts,27000000.000,15000000.000,66000000.000,19000000.000,,,,,,,,,,,,,,,,,,,,,
OtherThanTemporaryImpairmentCreditLossesRecognizedInEarningsAdditionsAdditionalCreditLosses,,,12000000.000,,38000000.000,2000000.000,6000000.000,0.000,5000000.000,4000000.000,6000000.000,-1000000.000,1000000.000,0.000,1000000.000,0.000,56000000.000,3000000.000,0.000,-30000000.000,6000000.000,4000000.000,2000000.000,5000000.000,22000000.000
OtherThanTemporaryImpairmentCreditLossesRecognizedInEarningsAdditionsNoPreviousImpairment,,,1000000.000,,2000000.000,4000000.000,0.000,1000000.000,4000000.000,0.000,1000000.000,1000000.000,0.000,10000000.000,0.000,4000000.000,14000000.000,2000000.000,1000000.000,35000000.000,1000000.000,1000000.000,0.000,0.000,4000000.000
OtherThanTemporaryImpairmentCreditLossesRecognizedInEarningsReductionsSecuritiesSold,,,672000000.000,,84000000.000,26000000.000,8000000.000,2000000.000,8000000.000,43000000.000,0.000,0.000,0.000,0.000,,,,,,,,,,,
OtherThanTemporaryImpairmentLossesInvestmentsAvailableforsaleSecurities,,,,,,,,,14000000.000,5000000.000,8000000.000,-6000000.000,,,,,,,,,,,,,35000000.000
OtherThanTemporaryImpairmentLossesInvestmentsHeldtomaturitySecurities,,,,,51000000.000,13000000.000,9000000.000,-16000000.000,,,,,,,,,,,,,,,,,
OtherThanTemporaryImpairmentLossesInvestmentsPortionInOtherComprehensiveIncomeLossBeforeTaxIncludingPortionAttributableToNoncontrollingInterestAvailableforsaleSecurities,,,,,,,,,-5000000.000,-1000000.000,-1000000.000,6000000.000,,,,,,,,,,,,,
OtherThanTemporaryImpairmentLossesInvestmentsPortionInOtherComprehensiveIncomeLossBeforeTaxIncludingPortionAttributableToNoncontrollingInterestHeldtomaturitySecurities,,,,,-11000000.000,-7000000.000,-3000000.000,17000000.000,,,,,,,,,,,,,,,,,
OtherThanTemporaryImpairmentLossesInvestmentsPortionInOtherComprehensiveIncomeLossBeforeTaxPortionAttributableToParentAvailableforsaleSecurities,,,,,,,,,,,,,,,,,,,,,,,,,8000000.000
OtherThanTemporaryImpairmentLossesInvestmentsPortionRecognizedInEarningsNetAvailableforsaleSecurities,,,,,,,,,,,,,,,,,,,,,,,,,27000000.000
OtherThanTemporaryImpairmentLossesInvestmentsPortionRecognizedInEarningsNetHeldtomaturitySecurities,,,,,40000000.000,6000000.000,6000000.000,1000000.000,,,,,,,,,,,,,,,,,
ParticipatingSecuritiesDistributedAndUndistributedEarnings,,0.000,,,,,,,,,,,,,,,,,,,,,,,
ParticipatingSecuritiesDistributedAndUndistributedEarningsLossBasic,,,,,,,,,,,,,,,0.000,,,,,,,,,,
ParticipatingSecuritiesDistributedAndUndistributedEarningsLossDiluted,,,,,,,,,,,,,,,0.000,,,,,,,,,,
PaymentsForLegalSettlements,,,,,,,,,100000000.000,1600000000.000,51000000.000,49000000.000,,,,,,,,,,,,,
PaymentsForOriginationAndPurchasesOfLoansHeldForSale,,,,,,,,,20060000000.000,,,,10024000000.000,,,,10587000000.000,,,,5728000000.000,,,,13309000000.000
PaymentsForProceedsFromOtherInvestingActivities,-77000000.000,,,,160000000.000,,,,64000000.000,,,,61000000.000,,,,128000000.000,,,,-592000000.000,,,,1247000000.000
PaymentsForProceedsFromOtherLoansAndLeases,-1326000000.000,,,,-20038000000.000,,,,-719000000.000,,,,-8767000000.000,,,,-1634000000.000,,,,9309000000.000,,,,1811000000.000
PaymentsForProceedsFromProductiveAssets,352000000.000,,,,-65000000.000,,,,-55000000.000,,,,266000000.000,,,,179000000.000,,,,,,,,
PaymentsForRepurchaseOfCommonStock,,,,,,,,,,,,,1442000000.000,,,,0.000,,,,1000000000.000,,,,2728000000.000
PaymentsOfDividends,415000000.000,,,,483000000.000,,,,482000000.000,,,,344000000.000,,,,,,,,,,,,
PaymentsOfDividendsPreferredStockAndPreferenceStock,,,,,,,,,,,,,,,,,319000000.000,,,,,,,,
PaymentsOfOrdinaryDividends,,,,,,,,,,,,,,,,,846000000.000,,,,974000000.000,,,,1255000000.000
PaymentsToAcquireAvailableForSaleSecuritiesDebt,23479000000.000,,,,66902000000.000,,,,33577000000.000,,,,,,,,,,,,,,,,
PaymentsToAcquireHeldToMaturitySecurities,,,,,,,,,2713000000.000,,,,1447000000.000,,,,3354000000.000,,,,4334000000.000,,,,3033000000.000
PaymentsToAcquireLoansAndLeasesHeldForInvestment,,,,,,,,,9089000000.000,,,,2473000000.000,,,,3582000000.000,,,,4224000000.000,,,,1648000000.000
PreferredStockDividends,310000000.000,,,,,,,,,,,,,,,,,,,,,,,,
PreferredStockDividendsIncomeStatementImpact,,,343000000.000,,325000000.000,365000000.000,373000000.000,365000000.000,373000000.000,441000000.000,279000000.000,256000000.000,238000000.000,256000000.000,238000000.000,312000000.000,382000000.000,330000000.000,441000000.000,330000000.000,457000000.000,361000000.000,503000000.000,361000000.000,502000000.000
PrincipalInvestmentGainsLosses,,,,,,,,,,,,,,,9000000.000,,27000000.000,88000000.000,-31000000.000,177000000.000,,,,,
ProceedsFromIssuanceOfLongTermDebt,8621000000.000,,,,10275000000.000,,,,20194000000.000,,,,19245000000.000,,,,9254000000.000,,,,6260000000.000,,,,17378000000.000
ProceedsFromIssuanceOfPreferredStockAndPreferenceStock,,,,,687000000.000,,,,12000000.000,,,,0.000,,,,2964000000.000,,,,2069000000.000,,,,0.000
ProceedsFromMaturitiesPrepaymentsAndCallsOfHeldToMaturitySecurities,,,,,972000000.000,,,,2567000000.000,,,,1326000000.000,,,,2973000000.000,,,,2768000000.000,,,,3874000000.000
ProceedsFromPaymentsForFederalFundsSoldAndSecuritiesPurchasedUnderAgreementsToResellNet,,,,,,,,,,,,,,,,,-14885000000.000,,,,-28647000000.000,,,,-12509000000.000
ProceedsFromPaymentsForInInterestBearingDepositsInBanks,2726000000.000,,,,5525000000.000,,,,5954000000.000,,,,-1253000000.000,,,,,,,,,,,,
ProceedsFromPaymentsForOtherFinancingActivities,0.000,,,,17000000.000,,,,-11000000.000,,,,-12000000.000,,,,-9000000.000,,,,-28000000.000,,,,-584000000.000
ProceedsFromRepaymentsOfShortTermDebt,-1638000000.000,,,,3506000000.000,,,,11467000000.000,,,,5410000000.000,,,,2098000000.000,,,,2783000000.000,,,,20131000000.000
ProceedsFromSaleAndCollectionOfLoansHeldforsale,,,,,,,,,,,,,,,,,11600000000.000,,,,7300000000.000,,,,7700000000.000
ProceedsFromSaleOfAvailableForSaleSecuritiesDebt,11410000000.000,,,,26594000000.000,,,,15375000000.000,,,,,,,,,,,,,,,,
ProceedsFromSaleOfForeclosedAssets,579000000.000,,,,772000000.000,,,,262000000.000,,,,164000000.000,,,,170000000.000,,,,,,,,
ProceedsFromSaleOfLoansAndLeasesHeldForInvestment,470000000.000,,,,487000000.000,,,,751000000.000,,,,4508000000.000,,,,5781000000.000,,,,8021000000.000,,,,2557000000.000
ProceedsFromSaleOfOtherInvestments,,,,,,,,,674000000.000,,,,994000000.000,,,,36000000.000,,,,,,,,
ProfessionalFees,646000000.000,766000000.000,937000000.000,1032000000.000,783000000.000,922000000.000,873000000.000,996000000.000,649000000.000,694000000.000,702000000.000,839000000.000,558000000.000,626000000.000,611000000.000,677000000.000,421000000.000,494000000.000,673000000.000,676000000.000,425000000.000,472000000.000,536000000.000,538000000.000,456000000.000
ProfitLoss,,-8826000000.000,,,,,,,,,,,,,,,,,,,,,,,
ProvisionForLoanAndLeaseLosses,3916000000.000,3260000000.000,,,,,,,,1220000000.000,291000000.000,,984000000.000,417000000.000,610000000.000,220000000.000,756000000.000,729000000.000,733000000.000,825000000.000,1016000000.000,952000000.000,834000000.000,779000000.000,840000000.000
ProvisionForLoanLeaseAndOtherLosses,3814000000.000,3255000000.000,3407000000.000,2934000000.000,2418000000.000,1773000000.000,1774000000.000,2204000000.000,1713000000.000,1211000000.000,296000000.000,336000000.000,1009000000.000,411000000.000,636000000.000,219000000.000,765000000.000,780000000.000,806000000.000,810000000.000,997000000.000,976000000.000,850000000.000,774000000.000,835000000.000
ProvisionForOtherLosses,70000000.000,-126000000.000,-618000000.000,1572000000.000,-27000000.000,137000000.000,38000000.000,38000000.000,113000000.000,2000000.000,-36000000.000,13000000.000,15000000.000,,,,,,,,,,,,
RepaymentsOfLongTermDebt,27957000000.000,,,,30770000000.000,,,,12556000000.000,,,,15255000000.000,,,,11678000000.000,,,,14404000000.000,,,,13617000000.000
RestructuringReserveSettledWithCash,,,18000000.000,,,,,,,,,,,,,,,,,,,,,,
Revenues,26877000000.000,13236000000.000,28453000000.000,24888000000.000,22278000000.000,21968000000.000,20428000000.000,18660000000.000,23197000000.000,22727000000.000,21530000000.000,21488000000.000,22566000000.000,21747000000.000,21209000000.000,18725000000.000,21202000000.000,22117000000.000,20682000000.000,18506000000.000,19512000000.000,20398000000.000,21635000000.000,22156000000.000,22248000000.000
SalesRevenueNet,26877000000.000,13236000000.000,28453000000.000,24888000000.000,22278000000.000,21968000000.000,20428000000.000,18660000000.000,23197000000.000,22727000000.000,21530000000.000,21488000000.000,22566000000.000,20116000000.000,19858000000.000,18725000000.000,19715000000.000,20591000000.000,19395000000.000,17234000000.000,18359000000.000,18990000000.000,20177000000.000,20934000000.000,20664000000.000
SegmentReportingEntityConsolidatedRevenue,26877000000.000,,,,,,,,,,,,,,,,,,,,,,,,
SegmentReportingInformationAmortizationExpense,385000000.000,,,,,,,,,,,,,,,,,,,,,,,,
SegmentReportingInformationIncomeLossBeforeIncomeTaxes,2998000000.000,,,,,,,,,,,,,,,,,,,,,,,,
SegmentReportingInformationIncomeTaxExpenseBenefit,949000000.000,,,,,,,,,,,,,,,,,,,,,,,,
SegmentReportingInformationInterestIncomeExpenseNet,12397000000.000,,,,,,,,,,,,,,,,,,,,,,,,
SegmentReportingInformationNoninterestIncome,14698000000.000,,,,,,,,,,,,,,,,,,,,,,,,
SegmentReportingInformationOtherNoninterestExpense,19898000000.000,,,,,,,,,,,,,,,,,,,,,,,,
SegmentReportingInformationProfitLoss,2049000000.000,,,,,,,,,,,,,,,,,,,,,,,,
SegmentReportingInformationProvisionForCreditLosses,3814000000.000,,,,,,,,,,,,,,,,,,,,,,,,
SegmentReportingInformationRevenue,27095000000.000,13483000000.000,28702000000.000,25146000000.000,22485000000.000,22202000000.000,20657000000.000,18891000000.000,23408000000.000,,,,,,,,,,,,,,,,
SegmentReportingSegmentRevenue,25967000000.000,,,,,,,,,,,,,,,,,,,,,,,,
ServicingAssetAtFairValueAdditions,,,251000000.000,,77000000.000,91000000.000,100000000.000,106000000.000,123000000.000,147000000.000,129000000.000,73000000.000,265000000.000,113000000.000,203000000.000,126000000.000,179000000.000,204000000.000,185000000.000,69000000.000,136000000.000,72000000.000,101000000.000,102000000.000,
ServicingAssetAtFairValueDisposals,,,218000000.000,,,,,,,,,,,,1000000.000,,0.000,312000000.000,87000000.000,-6000000.000,1000000.000,1000000.000,0.000,78000000.000,
ServicingAssetAtFairValueOtherChangesInFairValue,247000000.000,,,,,,,,,,,,,,,,,,,,,,,,
ServicingAssetAtFairValueOtherChangesThatAffectBalance,,,-616000000.000,,-62000000.000,-888000000.000,-131000000.000,752000000.000,140000000.000,-33000000.000,29000000.000,97000000.000,-86000000.000,-25000000.000,10000000.000,6000000.000,7000000.000,-11000000.000,4000000.000,69000000.000,6000000.000,15000000.000,,,
SeveranceCosts,69000000.000,65000000.000,48000000.000,44000000.000,,,,,,,,,,,,,,,,,,,,,
ShareBasedCompensation,,,,,,,,,,,,,,,,,,,,,831000000.000,,,,1060000000.000
ShareBasedCompensationArrangementByShareBasedPaymentAwardEquityInstrumentsOtherThanOptionsGrantsInPeriod,196000000.000,,,,,,,,,,,,,,,,,,,,,,,,
SharesPaidForTaxWithholdingForShareBasedCompensation,,,,,103000000.000,,,,28000000.000,,,,16000000.000,,,,,,,,,,,,
ShorttermDebtAverageOutstandingAmount,,,,,,,,,337644000000.000,318028000000.000,279425000000.000,,,,255111000000.000,,244134000000.000,252088000000.000,257323000000.000,,221990000000.000,215852000000.000,207634000000.000,,
StockIssuedDuringPeriodValueEmployeeBenefitPlan,,,,,,,,,,,,,,,,,-48000000.000,,,,732000000.000,,,,
StockIssuedDuringPeriodValueNewIssues,,,,,,,,,,,,,,,,,2964000000.000,,,,2069000000.000,,,,
StockIssuedDuringPeriodValueShareBasedCompensation,,,,,,,,,,,,,,,,,,,,,,,,,472000000.000
StockRepurchasedAndRetiredDuringPeriodValue,,,,,,,,,,,,,,,,,,,,,1000000000.000,,,,2728000000.000
StockRepurchasedDuringPeriodShares,27000000.000,,,,,,,,,,,,,,,,,,,,,,,,
StockRepurchasedDuringPeriodValue,,,,,,,,,,,,,1442000000.000,,,,,,,,,,,,
StockholdersEquityOther,1000000.000,,,,,,,,,,,,,,,,,,,,,,,,
TradingActivityGainsAndLossesNet,,,,,3702000000.000,3120000000.000,2606000000.000,2179000000.000,4049000000.000,3447000000.000,2668000000.000,2739000000.000,4178000000.000,3420000000.000,,,,,,,,,,,
TradingGainsLosses,2722000000.000,2091000000.000,1604000000.000,280000000.000,2075000000.000,1764000000.000,1239000000.000,792000000.000,2989000000.000,1938000000.000,1266000000.000,863000000.000,2467000000.000,1832000000.000,1899000000.000,111000000.000,2247000000.000,1647000000.000,1616000000.000,963000000.000,1662000000.000,2018000000.000,2141000000.000,1081000000.000,2331000000.000
UndistributedEarningsDiluted,,0.000,-29000000.000,,,,0.000,,0.000,-1000000.000,-1000000.000,0.000,,0.000,,,,,,,,,,,
WeightedAverageNumberDilutedSharesOutstandingAdjustment,105476000.000,0.000,348111000.000,-341388000.000,110550000.000,780316000.000,0.000,-796040000.000,355803000.000,748643000.000,763308000.000,-1107501000.000,0.000,745764000.000,0.000,-689047000.000,747721000.000,749923000.000,752912000.000,-1498846000.000,760336000.000,805594000.000,750349000.000,-1564769000.000,815258000.000
WeightedAverageNumberOfDilutedSharesOutstanding,10181351000.000,10094928000.000,10464395000.000,-20485850000.000,10761917000.000,11556011000.000,10776173000.000,-22253247000.000,11154778000.000,11524510000.000,11482226000.000,-22670096000.000,10560518000.000,11265123000.000,10515790000.000,-21756896000.000,11266511000.000,11238060000.000,11197203000.000,-22487782000.000,11100067000.000,11059167000.000,11000473000.000,-22124050000.000,10914815000.000
WeightedAverageNumberOfSharesOutstandingBasic,10075875000.000,10094928000.000,10116284000.000,-20144462000.000,10651367000.000,10775695000.000,10776173000.000,-21457207000.000,10798975000.000,10775867000.000,10718918000.000,-21562595000.000,10560518000.000,10519359000.000,10515790000.000,-21067849000.000,10518790000.000,10488137000.000,10444291000.000,-20988936000.000,10339731000.000,10253573000.000,10250124000.000,-20559281000.000,10099557000.000
