,2011-03-31,2011-06-30,2011-09-30,2011-12-31,2012-03-31,2012-06-30,2012-09-30,2012-12-31,2013-03-31,2013-06-30,2013-09-30,2013-12-31,2014-03-31,2014-06-30,2014-09-30,2014-12-31,2015-03-31,2015-06-30,2015-09-30,2015-12-31,2016-03-31,2016-06-30,2016-09-30,2016-12-31,2017-03-31
AllowanceForDoubtfulAccountsReceivableRecoveries,,,,,,,,,113000000.000,,,,,,,,,,,,,,,,
AllowanceForLoanAndLeaseLossRecoveryOfBadDebts,,,,,,,,,,,,,114000000.000,,,,86000000.000,,,,87000000.000,,,,80000000.000
AllowanceForLoanAndLeaseLossesAdjustmentsNet,,,,,,,,,,,,,-1000000.000,,,,-1000000.000,,,,1000000.000,,,,
AllowanceForLoanAndLeaseLossesProvisionForLossGross,421000000.000,,,,185000000.000,,,,,,,,,,,,,,,,,,,,
AllowanceForLoanAndLeaseLossesRecoveriesOfBadDebts,-141000000.000,,,,134000000.000,,,,,,,,,,,,,,,,,,,,
AllowanceForLoanAndLeaseLossesWriteOffs,674000000.000,,,,467000000.000,,,,569000000.000,,,,300000000.000,,,,189000000.000,,,,236000000.000,,,,198000000.000
AllowanceForLoanAndLeaseLossesWriteoffsNet,,,,,,,,,,,,,186000000.000,,,,103000000.000,,,,149000000.000,,,,118000000.000
AmortizationOfIntangibleAssets,,,,,,,,,65000000.000,,,,33000000.000,,,,30000000.000,,,,,,,,
AssetManagementFees,263000000.000,288000000.000,287000000.000,250000000.000,284000000.000,278000000.000,305000000.000,302000000.000,308000000.000,340000000.000,330000000.000,,,,,,,,,,,,,,
AvailableForSaleSecuritiesGrossRealizedGainLossNet,,,,,,,,,,,,,,,,,42000000.000,,,,9000000.000,,,,-2000000.000
AvailableForSaleSecuritiesGrossRealizedGains,,,,,67000000.000,,,,17000000.000,,,,16000000.000,,,,43000000.000,,,,9000000.000,,,,14000000.000
AvailableForSaleSecuritiesGrossRealizedLosses,,,,,-10000000.000,,,,-3000000.000,,,,-6000000.000,,,,1000000.000,,,,,,,,16000000.000
AvailableForSaleSecuritiesGrossUnrealizedGains,1027000000.000,,,,,,,,,,,,,,,,,,,,,,,,
AvailableForSaleSecuritiesGrossUnrealizedLoss,1664000000.000,,,,,,,,,,,,,,,,,,,,,,,,
CashAndCashEquivalentsPeriodIncreaseDecrease,92000000.000,,,,57000000.000,,,,-1272000000.000,,,,680000000.000,,,,-209000000.000,,,,-204000000.000,,,,124000000.000
CertainLoansAcquiredInTransferAccountedForAsDebtSecuritiesAccretableYieldReclassificationsFromNonaccretableDifference,288000000.000,,,,,,,,,,,,,,,,,,,,,,,,
CertainLoansAcquiredInTransferNotAccountedForAsDebtSecuritiesAccretableYieldAccretion,-241000000.000,,,,-198000000.000,,,,207000000.000,,,,154000000.000,,,,,,,,,,,,
CertainLoansAcquiredInTransferNotAccountedForAsDebtSecuritiesAccretableYieldAdditions,,,,,584000000.000,,,,,,,,,,,,,,,,,,,,
CertainLoansAcquiredInTransferNotAccountedForAsDebtSecuritiesAccretableYieldDisposalsOfLoans,-35000000.000,,,,-3000000.000,,,,6000000.000,,,,8000000.000,,,,,,,,,,,,
CertainLoansAcquiredInTransferNotAccountedForAsDebtSecuritiesAccretableYieldReclassificationsFromNonaccretableDifference,,,,,-23000000.000,,,,219000000.000,,,,95000000.000,,,,,,,,,,,,
ChangeInUnrealizedGainLossOnHedgedItemInFairValueHedge1,,,,,,,,,,,,,-8000000.000,,,,-118000000.000,,,,,,,,
CommonStockDividendsPerShareDeclared,0.100,,,,0.350,,,,0.400,,,,0.440,,,,,,,,,,,,
ComprehensiveIncomeNetOfTax,,,,,1191000000.000,672000000.000,1528000000.000,561000000.000,946000000.000,400000000.000,1039000000.000,1437000000.000,1282000000.000,1274000000.000,883000000.000,812000000.000,1203000000.000,716000000.000,1291000000.000,523000000.000,1326000000.000,1170000000.000,898000000.000,114000000.000,1043000000.000
ComprehensiveIncomeNetOfTaxAttributableToNoncontrollingInterest,,,,,6000000.000,-5000000.000,-14000000.000,1000000.000,-9000000.000,1000000.000,2000000.000,13000000.000,-2000000.000,3000000.000,1000000.000,21000000.000,1000000.000,4000000.000,18000000.000,14000000.000,19000000.000,23000000.000,18000000.000,22000000.000,17000000.000
ComprehensiveIncomeNetOfTaxIncludingPortionAttributableToNoncontrollingInterest,954000000.000,,,,1197000000.000,667000000.000,1514000000.000,562000000.000,937000000.000,401000000.000,1041000000.000,1450000000.000,1280000000.000,1277000000.000,884000000.000,833000000.000,1204000000.000,720000000.000,1309000000.000,537000000.000,1345000000.000,1193000000.000,916000000.000,136000000.000,1060000000.000
ContractuallySpecifiedServicingFeesLateFeesAndAncillaryFeesEarnedInExchangeForServicingFinancialAssets,,,,,,,,,,137000000.000,137000000.000,,,127000000.000,125000000.000,,,127000000.000,133000000.000,,,100000000.000,100000000.000,,100000000.000
DeferredIncomeTaxExpenseBenefit,,,,,,,,,,,,,17000000.000,,,,40000000.000,,,,-49000000.000,,,,21000000.000
DepreciationAndAmortization,279000000.000,,,,269000000.000,,,,283000000.000,,,,236000000.000,,,,252000000.000,,,,270000000.000,,,,279000000.000
DepreciationDepletionAndAmortization,,,160000000.000,,,177000000.000,182000000.000,,175000000.000,177000000.000,179000000.000,184000000.000,181000000.000,185000000.000,194000000.000,216000000.000,193000000.000,201000000.000,201000000.000,214000000.000,202000000.000,215000000.000,209000000.000,217000000.000,214000000.000
DerivativeGainLossOnDerivativeNet,,,,,,,,,,,,,3000000.000,,,,105000000.000,,,,,,,,
DerivativeInstrumentsLossRecognizedInIncome,,,,,209000000.000,,,,,,,,,,,,,,,,,,,,
DerivativeInstrumentsNotDesignatedAsHedgingInstrumentsGainLossNet,,,419000000.000,,102000000.000,217000000.000,94000000.000,89000000.000,-21000000.000,22000000.000,28000000.000,33000000.000,86000000.000,66000000.000,75000000.000,213000000.000,329000000.000,-52000000.000,354000000.000,20000000.000,167000000.000,194000000.000,71000000.000,,
DiscontinuedOperationTaxEffectOfDiscontinuedOperation,0.000,0.000,0.000,0.000,,,,,,,,,,,,,,,,,,,,,
DividendsCommonStock,52000000.000,183000000.000,183000000.000,184000000.000,184000000.000,,,,,,,,,,,,,,,,,,,,
DividendsCommonStockCash,52000000.000,,,,185000000.000,,,,210000000.000,,,,235000000.000,,,,251000000.000,,,,260000000.000,,,,271000000.000
DividendsPreferredStock,4000000.000,24000000.000,4000000.000,24000000.000,38000000.000,,,,,,,,,,,,,,,,,,,,63000000.000
DividendsPreferredStockCash,4000000.000,,,,38000000.000,,,,67000000.000,,,,68000000.000,,,,68000000.000,,,,64000000.000,,,,63000000.000
DividendsShareBasedCompensation,,,,,2000000.000,,,,,,,,,,,,,,,,,,,,
EarningsPerShareBasic,1.590,1.690,1.570,0.850,1.450,1.000,1.660,1.250,1.780,2.020,1.820,1.860,1.860,1.880,1.820,1.880,1.790,1.920,1.930,1.880,1.700,1.840,1.870,2.010,1.990
EarningsPerShareDiluted,1.570,1.670,1.550,0.850,1.440,0.980,1.640,1.240,1.760,1.990,1.790,1.850,1.820,1.850,1.790,1.840,1.750,1.880,1.900,1.860,1.680,1.820,1.840,1.960,1.960
EquipmentExpense,167000000.000,158000000.000,159000000.000,177000000.000,175000000.000,181000000.000,185000000.000,194000000.000,183000000.000,189000000.000,194000000.000,197000000.000,201000000.000,204000000.000,220000000.000,234000000.000,222000000.000,231000000.000,227000000.000,245000000.000,234000000.000,240000000.000,246000000.000,254000000.000,251000000.000
ExcessTaxBenefitFromShareBasedCompensationFinancingActivities,,,,,12000000.000,,,,,,,,16000000.000,,,,18000000.000,,,,,,,,
ExcessTaxBenefitFromShareBasedCompensationOperatingActivities,,,,,12000000.000,,,,,,,,16000000.000,,,,18000000.000,,,,,,,,
FeesAndCommissionsDepositorAccounts,123000000.000,131000000.000,140000000.000,140000000.000,127000000.000,144000000.000,152000000.000,150000000.000,136000000.000,147000000.000,156000000.000,158000000.000,147000000.000,156000000.000,179000000.000,180000000.000,153000000.000,156000000.000,172000000.000,170000000.000,158000000.000,163000000.000,174000000.000,172000000.000,161000000.000
FeesAndCommissionsMortgageBanking,195000000.000,163000000.000,198000000.000,157000000.000,230000000.000,-173000000.000,227000000.000,0.000,,,,,,,,,,,,,,,,,
FinancingReceivableModificationsPostModificationRecordedInvestment2,,,,,,,,,,,,,152000000.000,160000000.000,180000000.000,129000000.000,120000000.000,111000000.000,152000000.000,137000000.000,216000000.000,237000000.000,156000000.000,94000000.000,83000000.000
FinancingReceivableModificationsPreModificationRecordedInvestment2,,,,,,,,,,,,,172000000.000,168000000.000,206000000.000,161000000.000,134000000.000,128000000.000,175000000.000,158000000.000,236000000.000,261000000.000,170000000.000,102000000.000,108000000.000
FinancingReceivableModificationsSubsequentDefaultRecordedInvestment1,,,,,,,,,,,,,80000000.000,66000000.000,39000000.000,-6000000.000,23000000.000,27000000.000,29000000.000,17000000.000,27000000.000,,,,
FiniteLivedIntangibleAssetsAmortizationExpense,105000000.000,,,,71000000.000,,,,,,,,,,,,,,,,,,,,
FutureAmortizationExpenseYearFive,162000000.000,,,,139000000.000,,,,,,,,,,,,,,,,,,,,
FutureAmortizationExpenseYearFour,194000000.000,,,,175000000.000,,,,,,,,,,,,,,,,,,,,
FutureAmortizationExpenseYearOne,225000000.000,,,,243000000.000,,,,,,,,,,,,,,,,,,,,
FutureAmortizationExpenseYearThree,212000000.000,,,,204000000.000,,,,,,,,,,,,,,,,,,,,
FutureAmortizationExpenseYearTwo,215000000.000,,,,217000000.000,,,,,,,,,,,,,,,,,,,,
GainLossOnSaleOfEquityInvestments,,,,,,,,,,,,,62000000.000,,,,,,,,,,,,
GainLossOnSaleOfInvestments,,,,,57000000.000,,,,14000000.000,,,,10000000.000,,,,,,,,,,,,
GainLossOnSaleOfSecuritiesNet,37000000.000,82000000.000,68000000.000,62000000.000,57000000.000,62000000.000,40000000.000,45000000.000,14000000.000,61000000.000,21000000.000,3000000.000,10000000.000,-6000000.000,0.000,0.000,42000000.000,8000000.000,-9000000.000,2000000.000,9000000.000,4000000.000,7000000.000,,
GoodwillOtherChanges,,,,,70000000.000,,,,-3000000.000,,,,,,,,,,,,,,,,
HeldToMaturitySecuritiesUnrecognizedHoldingGains,179000000.000,,,,,,,,,,,,,,,,,,,,,,,,
HeldToMaturitySecuritiesUnrecognizedHoldingLosses,4000000.000,,,,,,,,,,,,,,,,,,,,,,,,
ImpairedFinancingReceivableAverageRecordedInvestment,,,,,,,,,3846000000.000,,,,3342000000.000,,,,2849000000.000,,,,2744000000.000,,,,2537000000.000
ImpairedFinancingReceivableWithNoRelatedAllowanceAverageRecordedInvestment,,,,,,,,,833000000.000,,,,993000000.000,,,,725000000.000,,,,963000000.000,,,,931000000.000
ImpairedFinancingReceivableWithRelatedAllowanceAverageRecordedInvestment,,,,,,,,,3013000000.000,,,,2349000000.000,,,,2124000000.000,,,,1781000000.000,,,,1606000000.000
ImpairmentOfInvestments,,,122000000.000,,16000000.000,32000000.000,26000000.000,5000000.000,1000000.000,10000000.000,2000000.000,1000000.000,2000000.000,0.000,2000000.000,31000000.000,2000000.000,,,,,,,,
IncomeLossFromContinuingOperations,832000000.000,912000000.000,,,,,,,,,,,,,,,,,,,,,,,
IncomeLossFromContinuingOperationsAttributableToNoncontrollingEntity,5000000.000,-1000000.000,4000000.000,7000000.000,6000000.000,-5000000.000,-14000000.000,1000000.000,-9000000.000,1000000.000,2000000.000,13000000.000,-2000000.000,,,,,,,,,,,,
IncomeLossFromContinuingOperationsBeforeIncomeTaxesExtraordinaryItemsNoncontrollingInterest,,,,,1092000000.000,719000000.000,1210000000.000,922000000.000,1324000000.000,1472000000.000,1359000000.000,1413000000.000,1419000000.000,1410000000.000,1429000000.000,1356000000.000,1328000000.000,1454000000.000,1342000000.000,1383000000.000,1232000000.000,1307000000.000,1348000000.000,1366000000.000,1394000000.000
IncomeLossFromContinuingOperationsIncludingPortionAttributableToNoncontrollingInterest,832000000.000,912000000.000,834000000.000,493000000.000,811000000.000,,,,,,,,,,,,,,,,,,,,
IncomeLossFromContinuingOperationsPerBasicShare,1.590,1.690,1.570,0.850,,,,,,,,,,,,,,,,,,,,,
IncomeLossFromContinuingOperationsPerDilutedShare,1.570,1.670,1.550,0.850,,,,,,,,,,,,,,,,,,,,,
IncomeLossFromEquityMethodInvestments,55000000.000,,,,68000000.000,,,,73000000.000,,,,101000000.000,,,,96000000.000,,,,61000000.000,,,,100000000.000
IncomeTaxExpenseBenefit,308000000.000,234000000.000,309000000.000,147000000.000,281000000.000,173000000.000,285000000.000,203000000.000,320000000.000,349000000.000,320000000.000,352000000.000,359000000.000,358000000.000,391000000.000,299000000.000,324000000.000,410000000.000,269000000.000,361000000.000,289000000.000,318000000.000,342000000.000,319000000.000,320000000.000
IncomeTaxesPaid,265000000.000,,,,7000000.000,,,,32000000.000,,,,20000000.000,,,,28000000.000,,,,19000000.000,,,,8000000.000
IncreaseDecreaseInAccruedLiabilitiesAndOtherOperatingLiabilities,,,,,-55000000.000,,,,-852000000.000,,,,356000000.000,,,,1044000000.000,,,,1084000000.000,,,,-884000000.000
IncreaseDecreaseInFederalFundsPurchasedAndSecuritiesSoldUnderAgreementsToRepurchaseNet,-63000000.000,,,,1500000000.000,,,,674000000.000,,,,-1055000000.000,,,,-1308000000.000,,,,718000000.000,,,,8000000.000
IncreaseDecreaseInLoansHeldForSale,-166000000.000,,,,-493000000.000,,,,-69000000.000,,,,12000000.000,,,,268000000.000,,,,-51000000.000,,,,-1065000000.000
IncreaseDecreaseInOtherOperatingAssets,291000000.000,,,,97000000.000,,,,-66000000.000,,,,356000000.000,,,,1449000000.000,,,,1310000000.000,,,,-554000000.000
IncreaseDecreaseInOtherOperatingCapitalNet,-37000000.000,,,,90000000.000,,,,50000000.000,,,,29000000.000,,,,194000000.000,,,,146000000.000,,,,116000000.000
IncreaseDecreaseInTradingSecurities,294000000.000,,,,-1131000000.000,,,,-112000000.000,,,,-616000000.000,,,,229000000.000,,,,946000000.000,,,,405000000.000
InterestAndDividendIncomeOperating,2583000000.000,2547000000.000,2530000000.000,2534000000.000,2597000000.000,2796000000.000,2670000000.000,2671000000.000,2611000000.000,2469000000.000,2448000000.000,2479000000.000,2410000000.000,2356000000.000,2328000000.000,2337000000.000,2319000000.000,2305000000.000,2341000000.000,2358000000.000,2407000000.000,2384000000.000,2408000000.000,2453000000.000,2520000000.000
InterestAndDividendIncomeSecurities,578000000.000,549000000.000,511000000.000,523000000.000,526000000.000,527000000.000,504000000.000,478000000.000,470000000.000,422000000.000,423000000.000,434000000.000,427000000.000,412000000.000,387000000.000,398000000.000,406000000.000,407000000.000,423000000.000,443000000.000,462000000.000,456000000.000,451000000.000,457000000.000,493000000.000
InterestAndFeeIncomeLoansAndLeases,1884000000.000,1905000000.000,1904000000.000,1902000000.000,1951000000.000,2163000000.000,2076000000.000,2094000000.000,2029000000.000,1955000000.000,1933000000.000,1949000000.000,1899000000.000,1845000000.000,1848000000.000,1835000000.000,1802000000.000,1791000000.000,1804000000.000,1806000000.000,1843000000.000,1829000000.000,1856000000.000,1886000000.000,1904000000.000
InterestExpense,407000000.000,397000000.000,355000000.000,335000000.000,306000000.000,270000000.000,271000000.000,247000000.000,222000000.000,211000000.000,214000000.000,213000000.000,215000000.000,227000000.000,224000000.000,240000000.000,247000000.000,253000000.000,279000000.000,266000000.000,309000000.000,316000000.000,313000000.000,323000000.000,360000000.000
InterestExpenseBorrowings,225000000.000,217000000.000,188000000.000,196000000.000,203000000.000,187000000.000,168000000.000,150000000.000,129000000.000,125000000.000,130000000.000,132000000.000,137000000.000,147000000.000,143000000.000,154000000.000,155000000.000,155000000.000,172000000.000,160000000.000,204000000.000,212000000.000,206000000.000,209000000.000,240000000.000
InterestExpenseDeposits,182000000.000,180000000.000,167000000.000,139000000.000,103000000.000,83000000.000,103000000.000,97000000.000,93000000.000,86000000.000,84000000.000,81000000.000,78000000.000,80000000.000,81000000.000,86000000.000,92000000.000,98000000.000,107000000.000,106000000.000,105000000.000,104000000.000,107000000.000,114000000.000,120000000.000
InterestIncomeExpenseNet,2176000000.000,2150000000.000,2175000000.000,2199000000.000,2291000000.000,2526000000.000,2399000000.000,2424000000.000,2389000000.000,2258000000.000,2234000000.000,2266000000.000,2195000000.000,2129000000.000,2104000000.000,2097000000.000,2072000000.000,2052000000.000,2062000000.000,2092000000.000,2098000000.000,2068000000.000,2095000000.000,2130000000.000,2160000000.000
InterestPaidNet,445000000.000,,,,338000000.000,,,,233000000.000,,,,205000000.000,,,,251000000.000,,,,345000000.000,,,,347000000.000
InvestmentAdvisoryManagementAndAdministrativeFees,,,,,,,,,,,,,364000000.000,362000000.000,411000000.000,376000000.000,376000000.000,416000000.000,376000000.000,399000000.000,341000000.000,377000000.000,404000000.000,399000000.000,403000000.000
LaborAndRelatedExpense,989000000.000,976000000.000,949000000.000,1052000000.000,1111000000.000,1119000000.000,1171000000.000,1216000000.000,1169000000.000,1186000000.000,1181000000.000,1207000000.000,1080000000.000,1172000000.000,1189000000.000,1170000000.000,1157000000.000,1200000000.000,1222000000.000,1252000000.000,1145000000.000,1226000000.000,1239000000.000,1231000000.000,1249000000.000
MarketingAndAdvertisingExpense,40000000.000,63000000.000,72000000.000,74000000.000,68000000.000,67000000.000,74000000.000,70000000.000,45000000.000,67000000.000,68000000.000,66000000.000,52000000.000,68000000.000,66000000.000,67000000.000,62000000.000,67000000.000,64000000.000,56000000.000,54000000.000,61000000.000,72000000.000,60000000.000,55000000.000
MaturitiesOfSubordinatedDebt,480000000.000,,,,22000000.000,,,,-17000000.000,,,,-16000000.000,,,,-14000000.000,,,,-18000000.000,,,,1100000000.000
MinorityInterestDecreaseFromRedemptions,,,,,,,,,375000000.000,,,,,,,,,,,,,,,,1000000000.000
MortgageServicingRightsMSRImpairmentRecovery,,,,,,,,,,,,,125000000.000,,,,,,,,,,,,
NetCashProvidedByUsedInFinancingActivities,-5748000000.000,,,,4401000000.000,,,,-5668000000.000,,,,1745000000.000,,,,3435000000.000,,,,428000000.000,,,,4154000000.000
NetCashProvidedByUsedInFinancingActivitiesContinuingOperations,-5748000000.000,,,,4401000000.000,,,,-5668000000.000,,,,1745000000.000,,,,3435000000.000,,,,428000000.000,,,,4154000000.000
NetCashProvidedByUsedInInvestingActivities,5113000000.000,,,,-7108000000.000,,,,3380000000.000,,,,-2985000000.000,,,,-3886000000.000,,,,-908000000.000,,,,-5639000000.000
NetCashProvidedByUsedInInvestingActivitiesContinuingOperations,5113000000.000,,,,-7108000000.000,,,,3380000000.000,,,,-2985000000.000,,,,-3886000000.000,,,,-908000000.000,,,,-5639000000.000
NetCashProvidedByUsedInOperatingActivities,727000000.000,,,,2764000000.000,,,,1016000000.000,,,,1920000000.000,,,,242000000.000,,,,276000000.000,,,,1609000000.000
NetCashProvidedByUsedInOperatingActivitiesContinuingOperations,727000000.000,,,,2764000000.000,,,,1016000000.000,,,,1920000000.000,,,,242000000.000,,,,276000000.000,,,,1609000000.000
NetChangeInterestBearingDepositsDomestic,-88000000.000,,,,867000000.000,,,,3806000000.000,,,,1694000000.000,,,,2804000000.000,,,,2641000000.000,,,,4530000000.000
NetChangeNoninterestBearingDepositsDomestic,-1266000000.000,,,,-757000000.000,,,,-5307000000.000,,,,-254000000.000,,,,1488000000.000,,,,-877000000.000,,,,-944000000.000
NetIncomeLoss,,,,,,,,,,,,,992000000.000,,,,,,,,,,,,
NetIncomeLossAttributableToNoncontrollingInterest,5000000.000,-1000000.000,,,,,,,,,,,,3000000.000,1000000.000,,1000000.000,4000000.000,18000000.000,14000000.000,19000000.000,23000000.000,18000000.000,22000000.000,17000000.000
NetIncomeLossAvailableToCommonStockholdersBasic,831000000.000,884000000.000,822000000.000,449000000.000,762000000.000,525000000.000,871000000.000,660000000.000,934000000.000,1064000000.000,962000000.000,993000000.000,989000000.000,998000000.000,963000000.000,986000000.000,931000000.000,992000000.000,991000000.000,950000000.000,853000000.000,917000000.000,917000000.000,975000000.000,967000000.000
NetIncomeLossAvailableToCommonStockholdersDiluted,826000000.000,880000000.000,816000000.000,445000000.000,759000000.000,521000000.000,868000000.000,656000000.000,929000000.000,1060000000.000,958000000.000,988000000.000,983000000.000,995000000.000,959000000.000,981000000.000,926000000.000,987000000.000,987000000.000,946000000.000,850000000.000,914000000.000,913000000.000,973000000.000,963000000.000
NoninterestExpense,2070000000.000,2176000000.000,2140000000.000,2719000000.000,2455000000.000,2648000000.000,2650000000.000,2829000000.000,2395000000.000,2435000000.000,2424000000.000,2547000000.000,2264000000.000,2328000000.000,2357000000.000,2539000000.000,2349000000.000,2366000000.000,2352000000.000,2396000000.000,2281000000.000,2360000000.000,2394000000.000,2441000000.000,2402000000.000
NoninterestIncome,1455000000.000,1452000000.000,1369000000.000,1350000000.000,1441000000.000,1097000000.000,1689000000.000,1645000000.000,1566000000.000,1806000000.000,1686000000.000,1807000000.000,1582000000.000,1681000000.000,1737000000.000,1850000000.000,1659000000.000,1814000000.000,1713000000.000,1761000000.000,1567000000.000,1726000000.000,1734000000.000,1744000000.000,1724000000.000
NoninterestIncomeOtherOperatingIncome,343000000.000,266000000.000,194000000.000,250000000.000,285000000.000,240000000.000,406000000.000,520000000.000,311000000.000,455000000.000,360000000.000,383000000.000,311000000.000,322000000.000,314000000.000,448000000.000,270000000.000,367000000.000,324000000.000,333000000.000,297000000.000,260000000.000,252000000.000,315000000.000,322000000.000
NumberOfReportableSegments,,,,,,,,,6.000,,,,6.000,,,,6.000,,,,6.000,,,,4.000
OccupancyNet,193000000.000,176000000.000,171000000.000,198000000.000,190000000.000,199000000.000,212000000.000,226000000.000,211000000.000,206000000.000,205000000.000,211000000.000,218000000.000,199000000.000,200000000.000,216000000.000,216000000.000,209000000.000,209000000.000,208000000.000,221000000.000,215000000.000,215000000.000,210000000.000,222000000.000
OtherComprehensiveIncomeAmortizationOfDefinedBenefitPlanNetPriorServiceCostRecognizedInNetPeriodicPensionCostTax,,,,,,,,,1000000.000,1000000.000,1000000.000,,,,,,,,,,,,,,
OtherComprehensiveIncomeDefinedBenefitPlansAdjustmentBeforeTaxPeriodIncreaseDecrease,16000000.000,,,,48000000.000,39000000.000,,,,,,,,,,,,,,,,,,,
OtherComprehensiveIncomeDefinedBenefitPlansAdjustmentNetOfTaxPeriodIncreaseDecrease,10000000.000,,,,31000000.000,24000000.000,,,,,,,,,,,,,,,,,,,
OtherComprehensiveIncomeDefinedBenefitPlansTax,-6000000.000,,,,-17000000.000,-15000000.000,,,,,,,,,,,,,,,,,,,
OtherComprehensiveIncomeDerivativesQualifyingAsHedgesBeforeTaxPeriodIncreaseDecrease,-108000000.000,,,,-90000000.000,6000000.000,,,,,,,,,,,,,,,,,,,
OtherComprehensiveIncomeDerivativesQualifyingAsHedgesNetOfTaxPeriodIncreaseDecrease,-68000000.000,,,,-57000000.000,4000000.000,,,,,,,,,,,,,,,,,,,
OtherComprehensiveIncomeDerivativesQualifyingAsHedgesTaxEffectPeriodIncreaseDecrease,40000000.000,,,,33000000.000,-2000000.000,,,,,,,,,,,,,,,,,,,
OtherComprehensiveIncomeForeignCurrencyTransactionAndTranslationAdjustmentBeforeTaxPeriodIncreaseDecrease,,,,,12000000.000,-30000000.000,,,,,,,,,,,,,,,,,,,
OtherComprehensiveIncomeForeignCurrencyTransactionAndTranslationAdjustmentNetOfTaxPeriodIncreaseDecrease,,,,,8000000.000,-19000000.000,,,,,,,,,,,,,,,,,,,
OtherComprehensiveIncomeForeignCurrencyTranslationAdjustmentTax,,,,,-4000000.000,11000000.000,,,,,,,,,,,,,,,,,,,
OtherComprehensiveIncomeLossAmortizationAdjustmentFromAOCIPensionAndOtherPostretirementBenefitPlansForNetPriorServiceCostCreditBeforeTax,,,,,,,,,,,,,-2000000.000,-2000000.000,-3000000.000,-3000000.000,-2000000.000,-2000000.000,-3000000.000,-3000000.000,-2000000.000,-2000000.000,-2000000.000,-2000000.000,-1000000.000
OtherComprehensiveIncomeLossAmortizationAdjustmentFromAOCIPensionAndOtherPostretirementBenefitPlansForNetPriorServiceCostCreditNetOfTax,,,,,,,,,,,,,-1000000.000,-1000000.000,-2000000.000,-3000000.000,-1000000.000,-1000000.000,-2000000.000,,,,,,
OtherComprehensiveIncomeLossAmortizationAdjustmentFromAOCIPensionAndOtherPostretirementBenefitPlansForNetPriorServiceCostCreditTax,,,,,,,,,,,,,-1000000.000,-1000000.000,-1000000.000,0.000,-1000000.000,-1000000.000,-1000000.000,,,,,,
OtherComprehensiveIncomeLossAmortizationPensionAndOtherPostretirementBenefitPlansNetPriorServiceCostRecognizedInNetPeriodicBenefitCostBeforeTax,,,,,,,,,3000000.000,3000000.000,2000000.000,,,,,,,,,,,,,,
OtherComprehensiveIncomeLossAmortizationPensionAndOtherPostretirementBenefitPlansNetPriorServiceCostRecognizedInNetPeriodicPensionCostNetOfTax,,,,,,,,,2000000.000,2000000.000,1000000.000,,,,,,,,,,,,,,
OtherComprehensiveIncomeLossBeforeTax,,,,,,,926000000.000,,-96000000.000,-1119000000.000,-17000000.000,598000000.000,343000000.000,339000000.000,-212000000.000,-333000000.000,349000000.000,-550000000.000,398000000.000,-748000000.000,651000000.000,368000000.000,-126000000.000,-1410000000.000,-31000000.000
OtherComprehensiveIncomeLossBeforeTaxPeriodIncreaseDecrease,200000000.000,,,,614000000.000,181000000.000,,,,,,,,,,,,,,,,,,,
OtherComprehensiveIncomeLossDerivativesQualifyingAsHedgesBeforeTax,,,,,,,-23000000.000,,-107000000.000,-281000000.000,-31000000.000,-108000000.000,-5000000.000,81000000.000,-81000000.000,173000000.000,239000000.000,-170000000.000,234000000.000,-176000000.000,200000000.000,63000000.000,-125000000.000,-291000000.000,-77000000.000
OtherComprehensiveIncomeLossDerivativesQualifyingAsHedgesNetOfTax,,,,,,,-8000000.000,,-68000000.000,-178000000.000,-20000000.000,-69000000.000,-3000000.000,52000000.000,-52000000.000,110000000.000,151000000.000,-107000000.000,148000000.000,-112000000.000,127000000.000,40000000.000,-80000000.000,-184000000.000,-49000000.000
OtherComprehensiveIncomeLossDerivativesQualifyingAsHedgesTax,,,,,,,-15000000.000,,-39000000.000,-103000000.000,-11000000.000,-39000000.000,-2000000.000,29000000.000,-29000000.000,63000000.000,88000000.000,-63000000.000,86000000.000,-64000000.000,73000000.000,23000000.000,-45000000.000,-107000000.000,-28000000.000
OtherComprehensiveIncomeLossForeignCurrencyTransactionAndTranslationAdjustmentBeforeTax,,,,,,,13000000.000,,-59000000.000,1000000.000,55000000.000,30000000.000,7000000.000,26000000.000,-53000000.000,-37000000.000,-56000000.000,65000000.000,-44000000.000,-28000000.000,-29000000.000,-81000000.000,-24000000.000,-48000000.000,16000000.000
OtherComprehensiveIncomeLossForeignCurrencyTransactionAndTranslationAdjustmentNetOfTax,,,,,,,8000000.000,,-37000000.000,1000000.000,34000000.000,30000000.000,7000000.000,26000000.000,-53000000.000,-37000000.000,-56000000.000,65000000.000,-44000000.000,,,,,,
OtherComprehensiveIncomeLossForeignCurrencyTranslationAdjustmentTax,,,,,,,5000000.000,,-22000000.000,,21000000.000,,,,,,,,,,,,,,
OtherComprehensiveIncomeLossNetOfTax,,,,,,,589000000.000,,-67000000.000,-722000000.000,2000000.000,389000000.000,220000000.000,225000000.000,-154000000.000,-224000000.000,200000000.000,-324000000.000,236000000.000,-485000000.000,402000000.000,204000000.000,-90000000.000,-911000000.000,-14000000.000
OtherComprehensiveIncomeLossNetOfTaxPeriodIncreaseDecrease,122000000.000,,,,386000000.000,121000000.000,,,,,,,,,,,,,,,,,,,
OtherComprehensiveIncomeLossPensionAndOtherPostretirementBenefitPlansAdjustmentBeforeReclassificationAdjustmentsAndTax,,,,,,,,,-25000000.000,14000000.000,1000000.000,-750000000.000,-83000000.000,-10000000.000,,,-53000000.000,17000000.000,,,-2000000.000,7000000.000,,,74000000.000
OtherComprehensiveIncomeLossPensionAndOtherPostretirementBenefitPlansAdjustmentBeforeReclassificationAdjustmentsNetOfTax,,,,,,,,,-16000000.000,9000000.000,1000000.000,-475000000.000,-52000000.000,-6000000.000,,,-33000000.000,10000000.000,,,,,,,
OtherComprehensiveIncomeLossPensionAndOtherPostretirementBenefitPlansAdjustmentBeforeTax,,,,,,,-22000000.000,,-46000000.000,-7000000.000,-21000000.000,-778000000.000,-82000000.000,-9000000.000,2000000.000,535000000.000,-60000000.000,10000000.000,-7000000.000,111000000.000,-12000000.000,-3000000.000,-11000000.000,25000000.000,62000000.000
OtherComprehensiveIncomeLossPensionAndOtherPostretirementBenefitPlansAdjustmentNetOfTax,,,,,,,-14000000.000,,-29000000.000,-4000000.000,-14000000.000,-493000000.000,-52000000.000,-5000000.000,1000000.000,339000000.000,-38000000.000,6000000.000,-5000000.000,71000000.000,-8000000.000,-2000000.000,-6000000.000,15000000.000,39000000.000
OtherComprehensiveIncomeLossPensionAndOtherPostretirementBenefitPlansBeforeReclassificationAdjustmentsTax,,,,,,,,,-9000000.000,5000000.000,,,-31000000.000,-4000000.000,,,-20000000.000,7000000.000,,,,,,,
OtherComprehensiveIncomeLossPensionAndOtherPostretirementBenefitPlansTax,,,,,,,-8000000.000,,-17000000.000,-3000000.000,-7000000.000,-285000000.000,-30000000.000,-4000000.000,1000000.000,196000000.000,-22000000.000,4000000.000,-2000000.000,40000000.000,-4000000.000,-1000000.000,-5000000.000,,23000000.000
OtherComprehensiveIncomeLossReclassificationAdjustmentForWriteDownOfSecuritiesIncludedInNetIncomeTax,,,,,,,14000000.000,,,,,,,,,,,,,,,,,,
OtherComprehensiveIncomeLossReclassificationAdjustmentForWritedownOfSecuritiesIncludedInNetIncomeBeforeTax,,,,,,,40000000.000,,,,,,,,,,,,,,,,,,
OtherComprehensiveIncomeLossReclassificationAdjustmentForWritedownOfSecuritiesIncludedInNetIncomeNetOfTax,,,,,,,26000000.000,,,,,,,,,,,,,,,,,,
OtherComprehensiveIncomeLossReclassificationAdjustmentFromAOCIPensionAndOtherPostretirementBenefitPlansForNetGainLossBeforeTax,,,,,,,,,,,,,-1000000.000,-1000000.000,-1000000.000,-1000000.000,-9000000.000,-9000000.000,-10000000.000,-10000000.000,-12000000.000,-12000000.000,-13000000.000,-13000000.000,-13000000.000
OtherComprehensiveIncomeLossReclassificationAdjustmentFromAOCIPensionAndOtherPostretirementBenefitPlansForNetGainLossNetOfTax,,,,,,,,,,,,,-1000000.000,,-1000000.000,,-6000000.000,-5000000.000,-7000000.000,,,,,,
OtherComprehensiveIncomeLossReclassificationAdjustmentFromAOCIPensionAndOtherPostretirementBenefitPlansForNetGainLossTax,,,,,,,,,,,,,,-1000000.000,,,-3000000.000,-4000000.000,-3000000.000,,,,,,
OtherComprehensiveIncomeLossReclassificationAdjustmentOnDerivativesIncludedInNetIncomeBeforeTax,,,,,,,126000000.000,,,,,,,,,,,,,,,,,,
OtherComprehensiveIncomeLossReclassificationAdjustmentOnDerivativesIncludedInNetIncomeNetOfTax,,,,,,,54000000.000,,,,,,,,,,,,,,,,,,
OtherComprehensiveIncomeLossReclassificationAdjustmentOnDerivativesIncludedInNetIncomeTax,,,,,,,72000000.000,,,,,,,,,,,,,,,,,,
OtherComprehensiveIncomeLossReclassificationPensionAndOtherPostretirementBenefitPlansNetGainLossRecognizedInNetPeriodicBenefitCostTax,,,,,,,,,9000000.000,9000000.000,8000000.000,,,,,,,,,,,,,,
OtherComprehensiveIncomeLossTax,-78000000.000,,,,228000000.000,60000000.000,337000000.000,-78000000.000,-29000000.000,-397000000.000,-19000000.000,209000000.000,123000000.000,114000000.000,-58000000.000,-109000000.000,149000000.000,-226000000.000,162000000.000,-263000000.000,249000000.000,164000000.000,-36000000.000,-499000000.000,-17000000.000
OtherComprehensiveIncomeReclassificationAdjustmentForWriteDownOfSecuritiesIncludedInNetIncomeBeforeTax,-37000000.000,,,,63000000.000,62000000.000,,,,,,,,,,,,,,,,,,,
OtherComprehensiveIncomeReclassificationAdjustmentForWriteDownOfSecuritiesIncludedInNetIncomeNetOfTax,-24000000.000,,,,40000000.000,39000000.000,,,,,,,,,,,,,,,,,,,
OtherComprehensiveIncomeReclassificationAdjustmentForWriteDownOfSecuritiesIncludedInNetIncomeTax,-13000000.000,,,,23000000.000,23000000.000,,,,,,,,,,,,,,,,,,,
OtherComprehensiveIncomeReclassificationAdjustmentOnDerivativesIncludedInNetIncomeBeforeTax,-122000000.000,,,,143000000.000,148000000.000,,,,,,,,,,,,,,,,,,,
OtherComprehensiveIncomeReclassificationAdjustmentOnDerivativesIncludedInNetIncomeNetOfTax,-77000000.000,,,,91000000.000,93000000.000,,,,,,,,,,,,,,,,,,,
OtherComprehensiveIncomeReclassificationAdjustmentOnDerivativesIncludedInNetIncomeTax,-45000000.000,,,,52000000.000,55000000.000,,,,,,,,,,,,,,,,,,,
OtherComprehensiveIncomeReclassificationOfDefinedBenefitPlansNetGainLossRecognizedInNetPeriodicBenefitCostBeforeTax,,,,,,,,,24000000.000,24000000.000,24000000.000,,,,,,,,,,,,,,
OtherComprehensiveIncomeReclassificationOfDefinedBenefitPlansNetGainLossRecognizedInNetPeriodicBenefitCostNetOfTax,,,,,,,,,15000000.000,15000000.000,16000000.000,,,,,,,,,,,,,,
OtherComprehensiveIncomeUnrealizedGainLossOnDerivativesArisingDuringPeriodBeforeTax,14000000.000,,,,53000000.000,154000000.000,103000000.000,2000000.000,14000000.000,-193000000.000,75000000.000,-37000000.000,72000000.000,138000000.000,-17000000.000,238000000.000,298000000.000,-102000000.000,326000000.000,-107000000.000,265000000.000,126000000.000,-63000000.000,-228000000.000,-22000000.000
OtherComprehensiveIncomeUnrealizedGainLossOnDerivativesArisingDuringPeriodNetOfTax,-68000000.000,,,,,,,,9000000.000,-122000000.000,47000000.000,-23000000.000,46000000.000,88000000.000,-11000000.000,150000000.000,188000000.000,-64000000.000,207000000.000,,,,,,
OtherComprehensiveIncomeUnrealizedGainLossOnDerivativesArisingDuringPeriodTax,5000000.000,,,,19000000.000,57000000.000,57000000.000,-19000000.000,5000000.000,-71000000.000,28000000.000,-14000000.000,26000000.000,50000000.000,-6000000.000,88000000.000,110000000.000,-38000000.000,119000000.000,,,,,,
OtherComprehensiveIncomeUnrealizedHoldingGainLossOnSecuritiesArisingDuringPeriodBeforeTax,28000000.000,,,,238000000.000,158000000.000,466000000.000,-102000000.000,,,,,,,,,,,,,,,,,
OtherComprehensiveIncomeUnrealizedHoldingGainLossOnSecuritiesArisingDuringPeriodNetOfTax,17000000.000,,,,150000000.000,100000000.000,296000000.000,-65000000.000,,,,,,,,,,,,,,,,,
OtherComprehensiveIncomeUnrealizedHoldingGainLossOnSecuritiesArisingDuringPeriodTax,-11000000.000,,,,88000000.000,58000000.000,170000000.000,-37000000.000,,,,,,,,,,,,,,,,,
OtherInterestAndDividendIncome,121000000.000,93000000.000,115000000.000,109000000.000,120000000.000,106000000.000,90000000.000,99000000.000,112000000.000,92000000.000,92000000.000,96000000.000,84000000.000,99000000.000,93000000.000,104000000.000,111000000.000,107000000.000,114000000.000,109000000.000,102000000.000,99000000.000,101000000.000,110000000.000,123000000.000
OtherNoninterestExpense,681000000.000,803000000.000,789000000.000,1218000000.000,911000000.000,1082000000.000,1008000000.000,1123000000.000,787000000.000,787000000.000,776000000.000,866000000.000,713000000.000,685000000.000,682000000.000,852000000.000,692000000.000,659000000.000,630000000.000,635000000.000,627000000.000,618000000.000,622000000.000,686000000.000,625000000.000
OtherThanTemporaryImpairmentCreditLossesRecognizedInEarningsAdditionsAdditionalCreditLosses,,,33000000.000,,36000000.000,33000000.000,18000000.000,14000000.000,10000000.000,4000000.000,2000000.000,0.000,2000000.000,1000000.000,1000000.000,1000000.000,1000000.000,,,,,,,,
OtherThanTemporaryImpairmentCreditLossesRecognizedInEarningsAdditionsNoPreviousImpairment,,,2000000.000,,2000000.000,1000000.000,6000000.000,1000000.000,,,,,,,,,,,,,,,,,
OtherThanTemporaryImpairmentCreditLossesRecognizedInEarningsReductionsSecuritiesSold,,,,,-1000000.000,,,,46000000.000,5000000.000,7000000.000,-115000000.000,5000000.000,,,,,,,,,,,,
OtherThanTemporaryImpairmentLossesInvestmentsPortionInOtherComprehensiveIncomeLossBeforeTaxIncludingPortionAttributableToNoncontrollingInterest,,,-87000000.000,,22000000.000,2000000.000,-2000000.000,10000000.000,9000000.000,-6000000.000,0.000,-1000000.000,0.000,1000000.000,-1000000.000,-24000000.000,-1000000.000,,,,,,,,
OtherThanTemporaryImpairmentLossesInvestmentsPortionRecognizedInEarningsNet,,,35000000.000,,38000000.000,34000000.000,24000000.000,15000000.000,10000000.000,4000000.000,2000000.000,0.000,2000000.000,1000000.000,1000000.000,7000000.000,1000000.000,1000000.000,1000000.000,1000000.000,1000000.000,,,,
ParticipatingSecuritiesDistributedAndUndistributedEarnings,,,,,,,,,,,,,3000000.000,3000000.000,3000000.000,,,,,,,,,,
ParticipatingSecuritiesDistributedAndUndistributedEarningsLossBasic,,,,,,,,,,,,,,,,,2000000.000,,,,6000000.000,6000000.000,7000000.000,7000000.000,6000000.000
PaymentsForProceedsFromBusinessesAndInterestInAffiliates,,,,,3329000000.000,,,,,,,,,,,,,,,,,,,,
PaymentsForProceedsFromInvestments,8178000000.000,,,,3553000000.000,,,,1255000000.000,,,,1361000000.000,,,,1804000000.000,,,,788000000.000,,,,3222000000.000
PaymentsForProceedsFromLoansAndLeases,-458000000.000,,,,3346000000.000,,,,975000000.000,,,,3318000000.000,,,,173000000.000,,,,1530000000.000,,,,2359000000.000
PaymentsForProceedsFromOtherInvestingActivities,80000000.000,,,,12000000.000,,,,-133000000.000,,,,80000000.000,,,,265000000.000,,,,-119000000.000,,,,177000000.000
PaymentsForRepurchaseOfCommonStock,33000000.000,,,,25000000.000,,,,22000000.000,,,,41000000.000,,,,463000000.000,,,,551000000.000,,,,688000000.000
PaymentsForRepurchaseOfRedeemableNoncontrollingInterest,,,,,,,,,,,,,,,,,,,,,,,,,-1000000000.000
PaymentsOfDividendsCommonStock,52000000.000,,,,185000000.000,,,,210000000.000,,,,235000000.000,,,,251000000.000,,,,260000000.000,,,,271000000.000
PaymentsOfDividendsPreferredStockAndPreferenceStock,4000000.000,,,,38000000.000,,,,67000000.000,,,,68000000.000,,,,68000000.000,,,,64000000.000,,,,63000000.000
PaymentsToAcquireAvailableForSaleSecurities,7237000000.000,,,,6948000000.000,,,,2770000000.000,,,,1690000000.000,,,,6170000000.000,,,,3441000000.000,,,,5142000000.000
PaymentsToAcquireHeldToMaturitySecurities,22000000.000,,,,,,,,186000000.000,,,,,,,,2000000000.000,,,,687000000.000,,,,1778000000.000
PaymentsToAcquireLoansHeldForInvestment,417000000.000,,,,388000000.000,,,,361000000.000,,,,216000000.000,,,,242000000.000,,,,363000000.000,,,,177000000.000
PreferredStockAccretionOfRedemptionDiscount,,,,,1000000.000,,,,,,,,,,,,,,,,,,,,
PreferredStockDividends,4000000.000,24000000.000,,,,,,,,,,,,,,,,,,,,,,,
PreferredStockDividendsAndOtherAdjustments,,,,,39000000.000,25000000.000,63000000.000,54000000.000,75000000.000,53000000.000,71000000.000,50000000.000,70000000.000,48000000.000,71000000.000,48000000.000,70000000.000,48000000.000,64000000.000,-177000000.000,65000000.000,43000000.000,64000000.000,-166000000.000,21000000.000
ProceedsFromIncomeTaxRefunds,26000000.000,,,,4000000.000,,,,,,,,1000000.000,,,,1000000.000,,,,33000000.000,,,,9000000.000
ProceedsFromIssuanceOfCommercialPaper,,,,,,,,,2372000000.000,,,,3152000000.000,,,,1322000000.000,,,,,,,,
ProceedsFromIssuanceOfOtherLongTermDebt,2201000000.000,,,,4336000000.000,,,,275000000.000,,,,335000000.000,,,,,,,,,,,,
ProceedsFromIssuanceOfSubordinatedLongTermDebt,,,,,,,,,744000000.000,,,,,,,,,,,,,,,,
ProceedsFromMaturitiesPrepaymentsAndCallsOfAvailableForSaleSecurities,1590000000.000,,,,1994000000.000,,,,2610000000.000,,,,1654000000.000,,,,1762000000.000,,,,2005000000.000,,,,2790000000.000
ProceedsFromMaturitiesPrepaymentsAndCallsOfHeldToMaturitySecurities,506000000.000,,,,836000000.000,,,,708000000.000,,,,520000000.000,,,,486000000.000,,,,523000000.000,,,,504000000.000
ProceedsFromOtherDebt,,,,,,,,,,,,,1743000000.000,,,,,,,,,,,,
ProceedsFromPaymentsForFederalFundsSoldAndSecuritiesPurchasedUnderAgreementsToResellNet,1456000000.000,,,,830000000.000,,,,187000000.000,,,,842000000.000,,,,-41000000.000,,,,246000000.000,,,,-674000000.000
ProceedsFromPaymentsForInInterestBearingDepositsInBanks,,,,,-626000000.000,,,,2443000000.000,,,,-2741000000.000,,,,581000000.000,,,,1067000000.000,,,,-2166000000.000
ProceedsFromRepaymentsOfCommercialPaper,,,,,,,,,,,,,-19000000.000,,,,,,,,,,,,
ProceedsFromRepaymentsOfShortTermDebt,-1361000000.000,,,,1095000000.000,,,,-242000000.000,,,,-626000000.000,,,,,,,,,,,,
ProceedsFromRepaymentsOfShortTermDebtMaturingInThreeMonthsOrLess,,,,,,,,,,,,,,,,,1104000000.000,,,,128000000.000,,,,795000000.000
ProceedsFromSaleOfAvailableForSaleSecurities,8018000000.000,,,,3492000000.000,,,,1240000000.000,,,,1347000000.000,,,,1787000000.000,,,,782000000.000,,,,3202000000.000
ProceedsFromSaleOfLoansHeldForInvestment,590000000.000,,,,389000000.000,,,,351000000.000,,,,697000000.000,,,,389000000.000,,,,371000000.000,,,,338000000.000
ProfitLoss,832000000.000,912000000.000,834000000.000,493000000.000,811000000.000,546000000.000,925000000.000,719000000.000,1004000000.000,1123000000.000,1039000000.000,1061000000.000,1060000000.000,1052000000.000,1038000000.000,1057000000.000,1004000000.000,1044000000.000,1073000000.000,1022000000.000,943000000.000,989000000.000,1006000000.000,1047000000.000,1074000000.000
ProvisionForLoanLeaseAndOtherLosses,421000000.000,280000000.000,261000000.000,190000000.000,185000000.000,256000000.000,228000000.000,318000000.000,236000000.000,157000000.000,137000000.000,113000000.000,94000000.000,72000000.000,55000000.000,52000000.000,54000000.000,46000000.000,81000000.000,74000000.000,152000000.000,127000000.000,87000000.000,67000000.000,88000000.000
RepaymentsOfCommercialPaper,,,,,,,,,2782000000.000,,,,3207000000.000,,,,1809000000.000,,,,13000000.000,,,,
RepaymentsOfFederalHomeLoanBankBorrowings,1023000000.000,,,,3980000000.000,,,,3954000000.000,,,,3001000000.000,,,,,,,,,,,,
RepaymentsOfOtherDebt,,,,,,,,,,,,,495000000.000,,,,,,,,,,,,
RepaymentsOfOtherLongTermDebt,2068000000.000,,,,3792000000.000,,,,90000000.000,,,,336000000.000,,,,,,,,,,,,
Revenues,3631000000.000,3602000000.000,3544000000.000,3549000000.000,3732000000.000,3623000000.000,4088000000.000,4069000000.000,3955000000.000,4064000000.000,3920000000.000,4073000000.000,3777000000.000,3810000000.000,3841000000.000,3947000000.000,3731000000.000,3866000000.000,3775000000.000,3853000000.000,3665000000.000,3794000000.000,3829000000.000,3874000000.000,3884000000.000
SalesRevenueNet,3631000000.000,3602000000.000,3544000000.000,3549000000.000,3732000000.000,3623000000.000,4088000000.000,4069000000.000,3955000000.000,4064000000.000,3920000000.000,4073000000.000,3777000000.000,3810000000.000,3841000000.000,3947000000.000,3731000000.000,3866000000.000,3775000000.000,3853000000.000,3665000000.000,3794000000.000,3829000000.000,3874000000.000,3884000000.000
ServicingAssetAtFairValueOtherChangesThatAffectBalance,,,,,20000000.000,,,,,,,,,,,,,,,,,,,,
ServicingFeesNet,311000000.000,333000000.000,330000000.000,269000000.000,264000000.000,290000000.000,288000000.000,294000000.000,,,,,,,,,,,,,,,,,
ShareBasedCompensation,30000000.000,,,,31000000.000,,,,41000000.000,,,,50000000.000,,,,40000000.000,,,,13000000.000,,,,
ShareBasedCompensationArrangementByShareBasedPaymentAwardFairValueAssumptionsExpectedDividendRate,0.006,,,,0.023,,,,0.025,,,,,,,,,,,,,,,,
ShareBasedCompensationArrangementByShareBasedPaymentAwardFairValueAssumptionsExpectedTerm,5.900,,,,5.900,,,,,,,,,,,,,,,,,,,,
ShareBasedCompensationArrangementByShareBasedPaymentAwardFairValueAssumptionsRiskFreeInterestRate,0.028,,,,0.011,,,,0.009,,,,,,,,,,,,,,,,
ShareBasedCompensationArrangementByShareBasedPaymentAwardFairValueAssumptionsWeightedAverageVolatilityRate,0.347,,,,0.351,,,,0.340,,,,,,,,,,,,,,,,
ShareBasedCompensationArrangementByShareBasedPaymentAwardOptionsExercisesInPeriod,-108000.000,,,,,,,,,,,,,,,,,,,,,,,,
ShareBasedCompensationArrangementByShareBasedPaymentAwardOptionsForfeituresInPeriod,-2294000.000,,,,-424000.000,,,,-332000.000,,,,41000.000,,,,,,,,,,,,
ShareBasedCompensationArrangementByShareBasedPaymentAwardOptionsGrantsInPeriod,833000.000,,,,461000.000,,,,161000.000,,,,,,,,,,,,,,,,
ShareBasedCompensationArrangementByShareBasedPaymentAwardOptionsGrantsInPeriodWeightedAverageGrantDateFairValue,22.820,,,,16.220,,,,16.350,,,,,,,,,,,,,,,,
ShareBasedCompensationArrangementsByShareBasedPaymentAwardOptionsExercisesInPeriodWeightedAverageExercisePrice,,,,,,,,,48.830,,,,61.140,,,,,,,,,,,,
ShareBasedCompensationArrangementsByShareBasedPaymentAwardOptionsForfeituresInPeriodWeightedAverageExercisePrice,,,,,,,,,84.310,,,,149.100,,,,,,,,,,,,
ShareBasedCompensationArrangementsByShareBasedPaymentAwardOptionsGrantsInPeriodWeightedAverageExercisePrice,,,,,,,,,63.870,,,,,,,,,,,,,,,,
StockIssuedDuringPeriodSharesStockOptionsExercised,,,,,-1114000.000,,,,-393000.000,,,,1907000.000,,,,,,,,,,,,
StockIssuedDuringPeriodSharesTreasuryStockReissued,,,,,1100000.000,,,,244000.000,,,,1400000.000,,,,700000.000,,,,,,,,
StockIssuedDuringPeriodValueAcquisitions,1000000.000,,,,,,,,,,,,,,,,,,,,,,,,
StockIssuedDuringPeriodValueNewIssues,,,,,0.000,,,,,,,,,,,,,,,,,,,,
StockholdersEquityOther,5000000.000,,,,23000000.000,,,,-21000000.000,,,,161000000.000,,,,167000000.000,,,,241000000.000,,,,204000000.000
TradingSecuritiesUnrealizedHoldingGainLoss,11000000.000,,,,53000000.000,,,,,,,,,,,,,,,,,,,,
TransferOfLoansHeldForSaleToPortfolioLoans,100000000.000,,,,,,,,,,,,,,,,,,,,,,,,
TransferOfLoansHeldForSaleToPortfolioLoans1,,,,,199000000.000,,,,-17000000.000,,,,,,,,7000000.000,,,,,,,,
TransferOfPortfolioLoansAndLeasesToHeldForSale1,,,,,,,,,,,,,70000000.000,,,,,,,,191000000.000,,,,107000000.000
UndistributedEarnings,,,642000000.000,,580000000.000,,,,,,,,,,,,,,,,,,,,
VariableInterestEntityCarryingAmountOfCollateralizedAssetsUnconsolidatedVIE,5124000000.000,,,,,,,,,,,,,,,,,,,,,,,,
VariableInterestEntityCarryingAmountOfCollateralizedLiabilitiesUnconsolidatedVIE,356000000.000,,,,,,,,,,,,,,,,,,,,,,,,
WeightedAverageNumberDilutedSharesOutstandingAdjustment,,,,,,,,,,,,,7000000.000,7000000.000,8000000.000,-14000000.000,8000000.000,8000000.000,8000000.000,-17000000.000,6000000.000,6000000.000,6000000.000,-12000000.000,5000000.000
WeightedAverageNumberOfDilutedSharesOutstanding,526000000.000,527000000.000,526000000.000,-1053000000.000,529000000.000,530000000.000,529000000.000,-1059000000.000,528000000.000,531000000.000,534000000.000,-1061000000.000,539000000.000,539000000.000,537000000.000,-1078000000.000,529000000.000,525000000.000,520000000.000,-1053000000.000,507000000.000,503000000.000,496000000.000,-1006000000.000,492000000.000
WeightedAverageNumberOfSharesOutstandingBasic,524000000.000,524000000.000,524000000.000,-1048000000.000,526000000.000,527000000.000,526000000.000,-1053000000.000,526000000.000,528000000.000,529000000.000,-1055000000.000,532000000.000,532000000.000,529000000.000,-1064000000.000,521000000.000,517000000.000,512000000.000,-1036000000.000,501000000.000,497000000.000,490000000.000,-994000000.000,487000000.000
