,2011-03-31,2011-06-30,2011-09-30,2011-12-31,2012-03-31,2012-06-30,2012-09-30,2012-12-31,2013-03-31,2013-06-30,2013-09-30,2013-12-31,2014-03-31,2014-06-30,2014-09-30,2014-12-31,2015-03-31,2015-06-30,2015-09-30,2015-12-31,2016-03-31,2016-06-30,2016-09-30,2016-12-31,2017-03-31
AllocatedShareBasedCompensationExpense,10226000.000,,,,13042000.000,,,,17833000.000,,,,15301000.000,,,,16315000.000,,,,9988000.000,,,,8148000.000
AmortizationOfLeasedAsset,29387000.000,,,,28632000.000,,,,15390000.000,,,,12830000.000,,,,21606000.000,,,,10469000.000,,,,9957000.000
AntidilutiveSecuritiesExcludedFromComputationOfEarningsPerShareAmount,697994.000,,1764565.000,,2834487.000,,3538507.000,,3794002.000,1731425.000,1165464.000,-5663991.000,1555015.000,1161442.000,1998009.000,-2821102.000,3314751.000,5988668.000,5807453.000,-9667584.000,5714823.000,5084395.000,5884201.000,-10925984.000,5029752.000
AssetRetirementObligationAccretionExpense,9487000.000,9658000.000,9351000.000,9205000.000,9778000.000,9777000.000,10005000.000,9781000.000,12165000.000,12239000.000,12539000.000,12053000.000,12065000.000,12327000.000,12600000.000,13786000.000,11769000.000,11750000.000,11918000.000,13228000.000,12125000.000,12346000.000,11043000.000,11228000.000,10556000.000
AssetRetirementObligationCashPaidToSettle,6479000.000,,,,6957000.000,,,,15881000.000,,,,,,,,,,,,,,,,
CapitalExpendituresIncurredButNotYetPaid,,,,,,,,,,,,,,,,,239572000.000,,,,,,,,
CapitalizedExploratoryWellCostAdditionsPendingDeterminationOfProvedReserves,2920000.000,,,,49524000.000,,,,26929000.000,,,,2919000.000,,,,141000.000,,,,,,,,39653000.000
CapitalizedExploratoryWellCostChargedToExpense1,,,,,,,,,,,,,,,,,,,,,,,,,8360000.000
CashAndCashEquivalentsPeriodIncreaseDecrease,153594000.000,,,,422776000.000,,,,169789000.000,,,,-101543000.000,,,,-212306000.000,,,,139880000.000,,,,3056000.000
CashProvidedByUsedInInvestingActivitiesDiscontinuedOperations,,,,,0.000,,,,,,,,,,,,46000.000,,,,,,,,
CashProvidedByUsedInOperatingActivitiesDiscontinuedOperations,,,,,0.000,,,,13892000.000,,,,10005000.000,,,,-64859000.000,,,,2312000.000,,,,
ComprehensiveIncomeNetOfTax,370714000.000,337200000.000,101403000.000,-75623000.000,378014000.000,226701000.000,356428000.000,108214000.000,246069000.000,290406000.000,381636000.000,-31420000.000,20597000.000,264480000.000,55367000.000,222793000.000,-309260000.000,-38677000.000,-1787268000.000,-669915000.000,-47135000.000,19146000.000,-50548000.000,-121103000.000,83997000.000
CostOfPurchasedOilAndGas,5879816000.000,7068906000.000,,,,,,,,,,,,,,,,,,,,,,,
CostsAndExpenses,6891303000.000,8168830000.000,6706105000.000,4428328000.000,6505910000.000,6690576000.000,6715638000.000,7090940000.000,6236541000.000,6643936000.000,2508228000.000,-11471303000.000,952219000.000,1044428000.000,1036545000.000,1190622000.000,1039475000.000,848381000.000,3122966000.000,1304520000.000,695329000.000,568729000.000,517292000.000,585894000.000,509737000.000
DebtInstrumentBasisSpreadOnVariableRate1,,,,,,,,,,,,,0.013,0.013,,,,,,,,,,,
DeferredIncomeTaxExpenseBenefit,-1406000.000,,,,7510000.000,,,,25341000.000,,,,23167000.000,,,,-184186000.000,,,,-85683000.000,,,,58533000.000
DefinedBenefitPlanContributionsByEmployer,18700000.000,,,,19600000.000,,,,17400000.000,,,,10600000.000,,,,26300000.000,,,,3500000.000,,,,9700000.000
DefinedBenefitPlansEstimatedFutureEmployerContributionsInCurrentFiscalYear,,,,,,,,,,,,,31900000.000,,,,9900000.000,,,,10300000.000,,,,
DepreciationDepletionAndAmortization,277340000.000,270816000.000,272914000.000,272336000.000,340374000.000,322724000.000,330253000.000,382226000.000,393754000.000,412288000.000,406565000.000,340787000.000,396249000.000,458993000.000,499151000.000,551854000.000,481027000.000,403390000.000,433706000.000,301701000.000,286149000.000,255239000.000,255900000.000,256793000.000,236154000.000
DerivativeInstrumentsLossRecognizedInIncome,,,,,,,,,700000.000,,,,,,,,,,,,,,,,
DerivativeLossOnDerivative,,,,,,,,,,,,,700000.000,,,,,,,,741000.000,,,,741000.000
DirectOperatingCosts,552984000.000,600918000.000,521864000.000,317580000.000,493861000.000,538771000.000,526969000.000,567902000.000,599102000.000,526142000.000,355004000.000,-140105000.000,,,,,,,,,,,,,
DiscontinuedOperationGainLossFromDisposalOfDiscontinuedOperationBeforeIncomeTax,,,,,,,,,74928000.000,55640000.000,,,,,,,,,,,,,,,
DiscontinuedOperationGainLossOnDisposalOfDiscontinuedOperationNetOfTax,,,16900000.000,,,,,,147400000.000,68800000.000,,,,,,,,,,,,,,,
DiscontinuedOperationIncomeLossFromDiscontinuedOperationBeforeIncomeTax,,,,,,,10631000.000,,89521000.000,64667000.000,52371000.000,44416000.000,-17295000.000,-16938000.000,-27163000.000,-98793000.000,-20709000.000,21046000.000,-8366000.000,-3719000.000,683000.000,25000.000,-1593000.000,-1142000.000,969000.000
DiscontinuedOperationTaxEffectOfDiscontinuedOperation,,,,,,,12861000.000,,-63108000.000,-5849000.000,19677000.000,64919000.000,-3262000.000,-3682000.000,-1813000.000,-32070000.000,-2738000.000,5894000.000,-22000.000,179000.000,,,,,
DisposalGroupIncludingDiscontinuedOperationGrossProfitLoss,,,,,,,,,,,,,,,,,,,,,,,-1345000.000,,
DisposalGroupIncludingDiscontinuedOperationRevenue,,,,,,,31779000.000,,166522000.000,78189000.000,2963739000.000,14377786000.000,1432386000.000,811134000.000,509037000.000,33837000.000,229389000.000,153107000.000,-1342000.000,593000.000,683000.000,151000.000,,,1022000.000
EarningsPerShareBasic,1.390,1.610,2.100,-0.590,1.500,1.520,1.170,0.820,1.890,2.130,1.520,0.440,0.860,0.720,1.380,2.100,-0.080,-0.420,-9.260,-3.270,-1.160,0.020,-0.090,-0.370,0.340
EarningsPerShareDiluted,1.380,1.600,2.090,-0.580,1.490,1.520,1.160,0.820,1.880,2.120,1.510,0.430,0.850,0.720,1.370,2.090,-0.080,-0.420,-9.260,-3.270,-1.160,0.020,-0.090,-0.370,0.340
EffectOfExchangeRateOnCashAndCashEquivalents,8288000.000,,,,8540000.000,,,,-13568000.000,,,,-1835000.000,,,,-6103000.000,,,,-16475000.000,,,,3132000.000
EffectiveIncomeTaxRateContinuingOperations,0.416,0.436,0.372,,0.406,0.409,0.437,,0.484,0.421,0.439,,0.493,0.532,0.316,,1.030,0.192,0.341,,0.247,1.022,0.130,,0.629
EffectiveIncomeTaxRateReconciliationAtFederalStatutoryIncomeTaxRate,,,,,0.350,,,,0.350,,,,0.350,,,,0.350,,,,0.350,,,,0.350
EmployeeServiceShareBasedCompensationTaxBenefitFromCompensationExpense,2989000.000,,,,3978000.000,,,,3755000.000,,,,4733000.000,,,,5100000.000,,,,3251000.000,,,,2529000.000
EmployeeServiceShareBasedCompensationTaxBenefitRealizedFromExerciseOfStockOptions,,,,,,,,,,,,,,,,,0.000,,,,,,,,
EnvironmentalRemediationExpense,,,,,,,,,,,,,,,,,43900000.000,,,,,,,,
ExcessTaxBenefitFromShareBasedCompensationFinancingActivities,4253000.000,,,,1037000.000,,,,0.000,,,,,,,,,,,,,,,,
ExplorationExpense,96274000.000,122538000.000,85688000.000,185362000.000,53015000.000,96548000.000,94063000.000,137298000.000,108493000.000,88772000.000,147845000.000,157105000.000,138466000.000,134812000.000,117433000.000,122889000.000,128734000.000,64959000.000,58149000.000,219082000.000,26916000.000,37128000.000,19866000.000,17951000.000,28663000.000
GainLossOnDispositionOfAssets1,,,,,,,,,,,,,,,-133000.000,,135877000.000,18246000.000,60000.000,-28000.000,22000.000,3809000.000,-730000.000,-1438000.000,131982000.000
GainsLossesOnSalesOfAssets,53000.000,23079000.000,60000.000,-513000.000,90000.000,35000.000,-31000.000,-1352000.000,40000.000,-318000.000,-34000.000,225000.000,19000.000,,,,,,,,,,,,
ImpairmentOfOilAndGasProperties,,,,,,,,,,21587000.000,0.000,,,0.000,,,,,2300974000.000,,95088000.000,,,,
IncomeLossFromContinuingOperations,,,335741000.000,,290071000.000,295437000.000,228911000.000,149627000.000,207970000.000,332128000.000,252115000.000,95924000.000,169286000.000,142668000.000,271057000.000,441962000.000,3530000.000,-88986000.000,-1587082000.000,-583234000.000,-199485000.000,2905000.000,-14583000.000,-62780000.000,57495000.000
IncomeLossFromContinuingOperationsBeforeIncomeTaxesExtraordinaryItemsNoncontrollingInterest,,,,,,,,,,,,,,,,,,-110091000.000,-2408017000.000,,-265034000.000,-131267000.000,-16759000.000,-80055000.000,154882000.000
IncomeLossFromContinuingOperationsBeforeIncomeTaxesMinorityInterestAndIncomeLossFromEquityMethodInvestments,460364000.000,552661000.000,534338000.000,3620000.000,488609000.000,499763000.000,406639000.000,227971000.000,403413000.000,573906000.000,449629000.000,45739000.000,334181000.000,304593000.000,396492000.000,217004000.000,-117728000.000,,,,,,,,
IncomeLossFromContinuingOperationsPerBasicShare,,,1.740,,1.500,1.520,1.180,0.770,1.090,1.760,1.350,0.530,0.940,0.800,1.520,2.470,0.020,-0.510,-9.220,-3.230,-1.160,0.020,-0.080,-0.370,0.330
IncomeLossFromContinuingOperationsPerDilutedShare,,,1.730,,1.490,1.520,1.170,0.770,1.080,1.750,1.340,0.520,0.930,0.790,1.510,2.460,0.020,-0.510,-9.220,-3.230,-1.160,0.020,-0.080,-0.370,0.330
IncomeLossFromDiscontinuedOperationsNetOfTax,,,70373000.000,,0.000,0.000,-2230000.000,9060000.000,152629000.000,70516000.000,32694000.000,-20503000.000,-14033000.000,-13256000.000,-25350000.000,-66723000.000,-17971000.000,15152000.000,-8344000.000,-3898000.000,683000.000,25000.000,-1593000.000,-1142000.000,969000.000
IncomeLossFromDiscontinuedOperationsNetOfTaxAttributableToReportingEntity,,,,,,,,,-152629000.000,,,,14033000.000,,,,,,,,,,,,
IncomeLossFromDiscontinuedOperationsNetOfTaxPerBasicShare,,,0.360,,0.000,0.000,-0.010,0.050,0.800,0.370,0.170,-0.090,-0.080,-0.080,-0.140,-0.370,-0.100,0.090,-0.040,-0.040,,,-0.010,,0.010
IncomeLossFromDiscontinuedOperationsNetOfTaxPerDilutedShare,,,0.360,,0.000,0.000,-0.010,0.050,0.800,0.370,0.170,-0.090,-0.080,-0.070,-0.140,-0.370,-0.100,0.090,-0.040,-0.040,,,-0.010,,0.010
IncomeTaxExpenseBenefit,191461000.000,241048000.000,198597000.000,178945000.000,198538000.000,204326000.000,177728000.000,78344000.000,195443000.000,241778000.000,197514000.000,-50185000.000,164895000.000,161925000.000,125435000.000,-224958000.000,-121258000.000,-21105000.000,-820935000.000,-63192000.000,-65549000.000,-134172000.000,-2176000.000,-17275000.000,97387000.000
IncomeTaxReconciliationChangeInEnactedTaxRate,,,,,,,5500000.000,,,,,,,,,,,,,,,,,,
IncomeTaxReconciliationOtherAdjustments,,,,,,,,,,,,,,,34300000.000,,,,,,,,,,
IncomeTaxReconciliationRepatriationOfForeignEarnings,,,,,,,,,,,,,,,,,,,,,,,,,54600000.000
IncomeTaxesPaidNet,147547000.000,,,,160210000.000,,,,47877000.000,,,,101295000.000,,,,28280000.000,,,,-7865000.000,,,,3422000.000
IncreaseDecreaseInAccountsPayableAndAccruedLiabilities,-236926000.000,,,,-227067000.000,,,,-191616000.000,,,,-4923000.000,,,,-17281000.000,,,,-225309000.000,,,,-44240000.000
IncreaseDecreaseInAccountsReceivable,-391217000.000,,,,69126000.000,,,,-182714000.000,,,,7251000.000,,,,-302602000.000,,,,-2354000.000,,,,-36246000.000
IncreaseDecreaseInAccruedIncomeTaxesPayable,603000.000,,,,-43165000.000,,,,123575000.000,,,,65172000.000,,,,35833000.000,,,,11919000.000,,,,29127000.000
IncreaseDecreaseInDeferredIncomeTaxes,4586000.000,,,,5522000.000,,,,-24082000.000,,,,-6845000.000,,,,-5040000.000,,,,-6134000.000,,,,
IncreaseDecreaseInInventories,12032000.000,,,,4962000.000,,,,-126826000.000,,,,-958000.000,,,,60562000.000,,,,-1667000.000,,,,-4497000.000
IncreaseDecreaseInOperatingCapital,140422000.000,,,,298334000.000,,,,-211462000.000,,,,-18673000.000,,,,-258807000.000,,,,104347000.000,,,,-43418000.000
IncreaseDecreaseInPrepaidExpense,-2146000.000,,,,-51508000.000,,,,54119000.000,,,,42128000.000,,,,6825000.000,,,,-98888000.000,,,,-17788000.000
InterestCostsCapitalized,6433000.000,2639000.000,,,,,,,,,,,,,,,,,,,,,,,
InterestCostsCapitalizedAdjustment,,,,,,,,,,,,,,,5323000.000,,1385000.000,1823000.000,1864000.000,2218000.000,1841000.000,608000.000,869000.000,1004000.000,1093000.000
InterestCostsIncurred,,,,,,,,,,,,,,,34970000.000,,29470000.000,30466000.000,32009000.000,32720000.000,32061000.000,35058000.000,40088000.000,45285000.000,45690000.000
InterestExpense,11719000.000,12600000.000,17329000.000,14183000.000,11739000.000,11598000.000,12941000.000,17827000.000,27028000.000,29593000.000,33535000.000,34267000.000,32886000.000,33769000.000,,,,,,,,,,,
InterestExpenseOther,,,,,,,,,2200000.000,,,,,,,,,,,,,,,,
InterestPaidCapitalized,,,2475000.000,,6423000.000,9476000.000,11461000.000,11813000.000,13388000.000,14478000.000,13011000.000,11646000.000,8868000.000,5053000.000,,,,,,,,,,,
InterestPaidNet,-4921000.000,,,,490000.000,,,,-10519000.000,,,,-4303000.000,,,,64000.000,,,,1849000.000,,,,17720000.000
InterestRateCashFlowHedgeGainLossReclassifiedToEarningsNet,,,,,,,,,,,,,,,,,,,,,,,,,700000.000
LeaseOperatingExpense,,,,,,,,,,,,,262255000.000,285865000.000,265518000.000,276250000.000,232421000.000,227489000.000,183826000.000,188570000.000,159103000.000,156530000.000,119663000.000,124064000.000,122142000.000
LineOfCreditFacilityCommitmentFeePercentage,,,,,,,,,0.003,,,,0.003,0.003,,,,,,,,,,,
NetCashProvidedByUsedInDiscontinuedOperations,,,,,,,,,,,,,,,,,-106000.000,,,,,,,,
NetCashProvidedByUsedInFinancingActivities,-15059000.000,,,,-51259000.000,,,,196170000.000,,,,166368000.000,,,,-368842000.000,,,,306991000.000,,,,-58604000.000
NetCashProvidedByUsedInFinancingActivitiesContinuingOperations,-15059000.000,,,,-51259000.000,,,,196170000.000,,,,166368000.000,,,,-368842000.000,,,,306991000.000,,,,-58604000.000
NetCashProvidedByUsedInInvestingActivities,-362535000.000,,,,-525511000.000,,,,-933940000.000,,,,-1001955000.000,,,,-371099000.000,,,,-193948000.000,,,,-246985000.000
NetCashProvidedByUsedInInvestingActivitiesContinuingOperations,-362535000.000,,,,-525511000.000,,,,-933940000.000,,,,-1001955000.000,,,,-371099000.000,,,,-193948000.000,,,,-246985000.000
NetCashProvidedByUsedInOperatingActivities,522900000.000,,,,991006000.000,,,,921127000.000,,,,735879000.000,,,,533844000.000,,,,43312000.000,,,,305513000.000
NetCashProvidedByUsedInOperatingActivitiesContinuingOperations,522900000.000,,,,991006000.000,,,,907235000.000,,,,725874000.000,,,,533844000.000,,,,43312000.000,,,,305513000.000
NetIncomeLoss,268903000.000,311613000.000,406114000.000,-113928000.000,290071000.000,295437000.000,226681000.000,158687000.000,360599000.000,402644000.000,284809000.000,75421000.000,155253000.000,129412000.000,245707000.000,375239000.000,-14441000.000,-73834000.000,-1595426000.000,-587132000.000,-198802000.000,2930000.000,-16176000.000,-63922000.000,58464000.000
NonoperatingIncomeExpense,,,,,,,,,,,,,,,,,,-13931000.000,-18192000.000,,416000.000,7516000.000,-6486000.000,-19596000.000,-2157000.000
OtherAmortizationOfDeferredCharges,11785000.000,,,,5911000.000,,,,5949000.000,,,,2741000.000,,,,2108000.000,,,,2002000.000,,,,
OtherComprehensiveIncomeDefinedBenefitPlansAdjustmentNetOfTaxPeriodIncreaseDecrease,2157000.000,2216000.000,9264000.000,-44546000.000,2708000.000,,,,,,,,,,,,,,,,,,,,
OtherComprehensiveIncomeDerivativesQualifyingAsHedgesTaxPortionAttributableToParent,,,,,,,,,,,,,,,,,-7400000.000,,,,,,,,
OtherComprehensiveIncomeForeignCurrencyTransactionAndTranslationAdjustmentNetOfTaxPeriodIncreaseDecrease,99654000.000,23371000.000,-300506000.000,86234000.000,82252000.000,,,,,,,,,,,,,,,,,,,,
OtherComprehensiveIncomeForeignCurrencyTransactionAndTranslationGainLossArisingDuringPeriodNetOfTax,,,,,,,,,-117754000.000,,,,,,,,,,,,,,,,
OtherComprehensiveIncomeLossAmortizationPensionAndOtherPostretirementBenefitPlansNetPriorServiceCostRecognizedInNetPeriodicBenefitCostBeforeTax,,,,,,,,,-234000.000,,,,,,,,,,,,,,,,
OtherComprehensiveIncomeLossBeforeReclassificationsNetOfTax,,,,,,,,,,-117012000.000,,,-136368000.000,,,,-298083000.000,,,,148672000.000,,,,22664000.000
OtherComprehensiveIncomeLossDerivativesQualifyingAsHedgesBeforeTax,,,,,,,,,741000.000,741000.000,,,741000.000,,,,741000.000,,,,,,,,
OtherComprehensiveIncomeLossDerivativesQualifyingAsHedgesNetOfTax,,,,,,,,,486000.000,,,,,483000.000,484000.000,,482000.000,481000.000,482000.000,481000.000,482000.000,481000.000,482000.000,481000.000,482000.000
OtherComprehensiveIncomeLossDerivativesQualifyingAsHedgesTax,,,,,,,,,255000.000,257000.000,,,258000.000,,,,259000.000,,,,259000.000,,,,259000.000
OtherComprehensiveIncomeLossForeignCurrencyTransactionAndTranslationAdjustmentNetOfTax,,,,,,-66550000.000,127142000.000,,-117754000.000,-117254000.000,95065000.000,-168357000.000,-136604000.000,133559000.000,-192329000.000,-76117000.000,-298595000.000,31981000.000,-195440000.000,-84651000.000,148669000.000,13222000.000,-37369000.000,-58073000.000,22664000.000
OtherComprehensiveIncomeLossForeignCurrencyTransactionAndTranslationReclassificationAdjustmentRealizedUponSaleOrLiquidationNetOfTax,,,,,,,,,0.000,,,,,,,,,,,,,,,,
OtherComprehensiveIncomeLossNetOfTax,,,,,,,,,-114530000.000,-112238000.000,,,-134656000.000,135068000.000,-190340000.000,-152446000.000,-294819000.000,35157000.000,-191842000.000,-82783000.000,151667000.000,16216000.000,-34372000.000,-57181000.000,25533000.000
OtherComprehensiveIncomeLossNetOfTaxPortionAttributableToParent,,,,,,,,,3571000.000,,,,,,,,,,,,,,,,
OtherComprehensiveIncomeLossPensionAndOtherPostretirementBenefitPlansAdjustmentBeforeReclassificationAdjustmentsNetOfTax,,,,,,,,,347000.000,,,,,,,,,,,,,,,,
OtherComprehensiveIncomeLossPensionAndOtherPostretirementBenefitPlansAdjustmentBeforeTax,,,,,,,,,-4345000.000,5704000.000,,,1878000.000,,,,4260000.000,,,,3867000.000,,,,3678000.000
OtherComprehensiveIncomeLossPensionAndOtherPostretirementBenefitPlansAdjustmentNetOfTax,,,,,,-2964000.000,-2121000.000,,-2738000.000,-4532000.000,-1279000.000,-61034000.000,-1465000.000,,,,,,,,,,,,
OtherComprehensiveIncomeLossReclassificationAdjustmentFromAOCIOnDerivativesNetOfTax,,,,,,,,,,-484000.000,-483000.000,,-483000.000,,,,,,,,,,,,
OtherComprehensiveIncomeLossReclassificationAdjustmentFromAOCIPensionAndOtherPostretirementBenefitPlansNetOfTax,,,,,,,,,,,,,,1026000.000,1505000.000,,3294000.000,2695000.000,3116000.000,1387000.000,2516000.000,2513000.000,2515000.000,411000.000,2387000.000
OtherComprehensiveIncomeLossReclassificationAdjustmentOnDerivativesIncludedInNetIncomeNetOfTax,,,,,,240000.000,484000.000,,486000.000,,,,,,,,,,,,,,,,
OtherComprehensiveIncomeLossTaxPortionAttributableToParent1,,,,,,,,,1260000.000,1414000.000,,,649000.000,,,,1478000.000,,,,1354000.000,,,,1291000.000
OtherComprehensiveIncomeReclassificationOfDefinedBenefitPlanNetTransitionAssetObligationRecognizedInNetPeriodicBenefitCostBeforeTax,,,,,,,,,122000.000,,,,,,,,,,,,,,,,
OtherComprehensiveIncomeReclassificationOfDefinedBenefitPlansNetGainLossRecognizedInNetPeriodicBenefitCostBeforeTax,,,,,,,,,3989000.000,,,,,,,,,,,,,,,,
OtherComprehensiveIncomeUnrealizedGainLossOnDerivativesArisingDuringPeriodNetOfTax,,,-13469000.000,,2983000.000,-5390000.000,0.000,0.000,0.000,0.000,0.000,0.000,,,,,,,,,,,,,
OtherCostAndExpenseOperating,,,,,,,,,,,,,26326000.000,28893000.000,28574000.000,23422000.000,20791000.000,19043000.000,14265000.000,11695000.000,12637000.000,13439000.000,9592000.000,8158000.000,11213000.000
OtherExpenses,,,,,,,,,,,,,814000.000,-178000.000,662000.000,23651000.000,49681000.000,,,,,,,,
OtherIncomeTaxExpenseBenefitContinuingOperations,,,25600000.000,,,,,,,,,,,,,,,,,,,,,,
OtherNoncashIncomeExpense,-38554000.000,,,,-16823000.000,,,,-10114000.000,,,,-2973000.000,,,,,,,,,,,,
OtherNonoperatingIncome,,,,,3073000.000,10842000.000,,,,,,,,,,,,,,,,,,,
OtherNonoperatingIncomeExpense,,,,,,,-8321000.000,,-8030000.000,16652000.000,53100000.000,15768000.000,5192000.000,-8884000.000,2163000.000,49777000.000,36720000.000,1423000.000,49300000.000,4366000.000,1179000.000,22436000.000,14987000.000,24289000.000,-12021000.000
OtherOperatingActivitiesCashFlowStatement,,,,,,,,,,,,,,,,,-3569000.000,,,,27085000.000,,,,18478000.000
PaymentsForCapitalImprovements,,,,,,,,,4894000.000,,,,,,,,,,,,,,,,
PaymentsForProceedsFromOtherInvestingActivities,-4649000.000,,,,-3889000.000,,,,-2306000.000,,,,3736000.000,,,,226000.000,,,,21658000.000,,,,
PaymentsForRepurchaseOfCommonStock,,,,,,,,,,,,,250000000.000,,,,,,,,,,,,
PaymentsOfDebtIssuanceCosts,,,,,,,,,91000.000,,,,,,,,,,,,,,,,
PaymentsOfDividendsCommonStock,53104000.000,,,,53383000.000,,,,59672000.000,,,,56073000.000,,,,62287000.000,,,,60267000.000,,,,43136000.000
PaymentsRelatedToTaxWithholdingForShareBasedCompensation,8014000.000,,,,5501000.000,,,,7337000.000,,,,6319000.000,,,,8976000.000,,,,1052000.000,,,,5808000.000
PaymentsToAcquireInvestments,428253000.000,,,,469564000.000,,,,230320000.000,,,,240802000.000,,,,265739000.000,,,,49277000.000,,,,212661000.000
PaymentsToAcquireProductiveAssets,,,,,,,,,1035021000.000,,,,996218000.000,,,,823840000.000,,,,210029000.000,,,,211631000.000
PaymentsToAcquirePropertyPlantAndEquipment,526767000.000,,,,567264000.000,,,,,,,,,,,,,,,,,,,,
ProceedsFromDivestitureOfBusinessesNetOfCashDivested,,,,,,,,,,,,,,,,,1880000000.000,,,,,,,,
ProceedsFromNotesPayable,,,,,,,,,,,,,479000000.000,,,,155000000.000,,,,371000000.000,,,,
ProceedsFromPaymentsForOtherFinancingActivities,,,,,,,,,,,,,-240000.000,,,,-108000.000,,,,,,,,
ProceedsFromRepaymentsOfNotesPayable,34990000.000,,,,-11000.000,,,,261989000.000,,,,,,,,,,,,,,,,
ProceedsFromSaleMaturityAndCollectionsOfInvestments,587795000.000,,,,507305000.000,,,,130385000.000,,,,243641000.000,,,,301464000.000,,,,86983000.000,,,,113210000.000
ProceedsFromSaleOfProductiveAssets,76000.000,,,,123000.000,,,,29000.000,,,,26000.000,,,,417242000.000,,,,33000.000,,,,64097000.000
ProceedsFromStockOptionsExercised,6816000.000,,,,6599000.000,,,,1281000.000,,,,0.000,,,,,,,,,,,,
PropertyPlantAndEquipmentAdditions,,,,,,,,,-7974000.000,,,,,,,,,,,,,,,,
ReclassificationFromAccumulatedOtherComprehensiveIncomeCurrentPeriodNetOfTax,,,,,,,,,,4774000.000,,,-1712000.000,,,,-3264000.000,,,,-2995000.000,,,,-2869000.000
ReclassificationToWellFacilitiesAndEquipmentBasedOnDeterminationOfProvedReserves,0.000,,,,42431000.000,,,,28398000.000,,,,0.000,,,,,,,,,,,,13370000.000
RefiningAndMarketingCosts,,,5727873000.000,,5514379000.000,5631187000.000,5667359000.000,5636381000.000,4999645000.000,5452526000.000,1459649000.000,,,,,,,,,,,,,,
RepaymentsOfLongTermCapitalLeaseObligations,,,,,,,,,,,,,,,,,2471000.000,,,,2690000.000,,,,9660000.000
RepaymentsOfNotesPayable,,,,,,,,,350000000.000,,,,350000000.000,,,,450000000.000,,,,,,,,
ResultsOfOperationsDryHoleCosts,35804000.000,,,,620000.000,,,,41011000.000,,,,87909000.000,,,,78629000.000,,,,-69000.000,,,,2904000.000
Revenues,7351667000.000,8721491000.000,7240443000.000,4431948000.000,6994519000.000,7190339000.000,7122277000.000,7318911000.000,6639954000.000,7217842000.000,2957857000.000,-11425564000.000,1286400000.000,1349021000.000,1433037000.000,1407626000.000,921747000.000,738290000.000,714949000.000,658094000.000,430295000.000,437462000.000,500533000.000,505839000.000,664619000.000
RevenuesFromTransactionsWithOtherOperatingSegmentsOfSameEntity,1470900000.000,1789600000.000,42700000.000,,0.000,0.000,0.000,0.000,,,,,,,,,,,,,,,,,
SalesRevenueNet,7346003000.000,8690140000.000,7211407000.000,4441782000.000,6991356000.000,7179462000.000,7130629000.000,7314884000.000,6647944000.000,7201508000.000,2904791000.000,-11441557000.000,1281208000.000,1357905000.000,1431007000.000,1218813000.000,749150000.000,718621000.000,665589000.000,653756000.000,429094000.000,411217000.000,486276000.000,482988000.000,544658000.000
SellingGeneralAndAdministrativeExpense,75467000.000,86033000.000,73561000.000,65944000.000,89187000.000,89447000.000,85509000.000,90350000.000,109742000.000,115267000.000,106102000.000,48056000.000,92026000.000,95000000.000,82960000.000,94018000.000,86967000.000,79176000.000,71791000.000,68729000.000,73507000.000,67113000.000,55523000.000,69067000.000,54255000.000
StockIssuedDuringPeriodSharesStockOptionsExercised,,,,,,,,,,,,,,,,,,,,,,,,,0.000
TaxBenefitFromStockOptionsExercised,6000000.000,,,,2000000.000,,,,,,,,,,,,,,,,,,,,
TaxBenefitFromStockOptionsExercised1,,,,,,,,,1400000.000,,,,,,,,,,,,,,,,
UnrealizedGainLossOnDerivatives,1800000.000,,,,,,,,,,,,,,,,,,,,,,,,
UnrecognizedTaxBenefitsReductionsResultingFromLapseOfApplicableStatuteOfLimitations,,,6500000.000,,,,,,,,13700000.000,,,,,,,,,,,,,,
WeightedAverageNumberDilutedSharesOutstandingAdjustment,1504859.000,1434593.000,893331.000,-2730002.000,962473.000,637407.000,767675.000,-1601153.000,955194.000,942647.000,1399183.000,-1946688.000,1209005.000,1544580.000,1320575.000,-2856118.000,507457.000,0.000,0.000,,,602913.000,,,666242.000
WeightedAverageNumberOfDilutedSharesOutstanding,194597368.000,194916194.000,194411116.000,-389412276.000,194884733.000,194846202.000,195057952.000,-390120150.000,191765395.000,189944793.000,188337511.000,-380776301.000,182576570.000,180045020.000,178856078.000,-361406684.000,178241616.000,174488842.000,172205433.000,-350584664.000,172114012.000,172799827.000,172199350.000,-344940177.000,173088691.000
WeightedAverageNumberOfSharesOutstandingBasic,193092509.000,193481601.000,193517785.000,-386682274.000,193922260.000,194208795.000,194290277.000,-388518997.000,190810201.000,189002146.000,186938328.000,-378829613.000,181367565.000,178500440.000,177535503.000,-358550566.000,177734159.000,174488842.000,172205433.000,-350077207.000,172114012.000,172196914.000,172199350.000,-344337264.000,172422449.000
