,2011-03-31,2011-06-30,2011-12-31,2012-03-31,2012-06-30,2012-09-30,2012-12-31,2013-03-31,2013-06-30,2013-09-30,2013-12-31,2014-03-31,2014-06-30,2014-09-30,2014-12-31,2015-03-31,2015-06-30,2015-09-30,2015-12-31,2016-03-31,2016-06-30,2016-09-30,2016-12-31,2017-03-31
AmortizationOfIntangibleAssets,,,,,,,2373000.000,-2703000.000,2197000.000,7704000.000,1905000.000,-1902000.000,1902000.000,5706000.000,1902000.000,1919000.000,2090000.000,2375000.000,,2363000.000,2441000.000,,,3646000.000
AntidilutiveSecuritiesExcludedFromComputationOfEarningsPerShareAmount,,534000.000,3645000.000,68000.000,1573000.000,-3358000.000,503000.000,108000.000,103000.000,439000.000,560000.000,228000.000,233000.000,482000.000,1845000.000,2062000.000,1900000.000,-2958000.000,3170000.000,3234000.000,2283000.000,-5432000.000,2127000.000,408000.000
AvailableForSaleSecuritiesGrossRealizedGainLossNet,,,,,343000.000,,,,,,,,,,,,,,,,,,,
AvailableForSaleSecuritiesGrossRealizedLosses,,,0.000,,,,,,,,,,,,,,,,,,,,,
BusinessCombinationAcquisitionRelatedCosts,,,,19604000.000,20955000.000,,17382000.000,20922000.000,13449000.000,21701000.000,0.000,0.000,0.000,0.000,,,,,1872000.000,6015000.000,13445000.000,19374000.000,12666000.000,1086000.000
BusinessCombinationIntegrationRelatedCosts,,,,,,,15536000.000,,,,,,,,,,,,,,,,,
BusinessCombinationSeparatelyRecognizedTransactionsNetGainsAndLosses,,,,,,,,,,,,,,,,,,,,,,,-12666000.000,-1086000.000
BusinessDevelopment,22820000.000,24800000.000,27839000.000,27382000.000,33098000.000,30393000.000,30629000.000,31488000.000,31737000.000,30533000.000,32244000.000,36667000.000,35079000.000,35682000.000,36990000.000,42490000.000,40127000.000,39359000.000,40624000.000,35417000.000,36488000.000,35884000.000,35362000.000,41519000.000
CashAndCashEquivalentsPeriodIncreaseDecrease,,,-522741000.000,,,,207687000.000,,,,205336000.000,,,,450322000.000,,,,-4618000.000,,,,877823000.000,
CommonStockDividendsPerShareCashPaid,,0.130,0.130,0.130,0.130,0.130,0.130,0.140,0.140,0.140,0.140,0.160,0.160,0.160,0.160,0.180,0.180,0.180,0.180,0.200,0.200,0.200,0.200,0.220
CommonStockDividendsPerShareDeclared,,,0.130,0.130,0.130,0.130,0.140,0.140,0.140,0.140,0.160,0.160,0.160,0.160,0.180,0.180,0.180,0.180,0.200,0.200,0.200,0.200,0.220,0.220
CommunicationsAndInformationTechnology,36380000.000,36156000.000,37567000.000,43741000.000,55282000.000,59305000.000,60366000.000,65018000.000,67138000.000,64844000.000,61854000.000,69503000.000,63341000.000,57996000.000,55916000.000,67635000.000,69267000.000,73578000.000,72138000.000,68482000.000,71717000.000,67409000.000,72161000.000,76067000.000
ComprehensiveIncomeNetOfTax,86644000.000,47758000.000,66484000.000,82630000.000,68039000.000,97768000.000,92326000.000,78575000.000,76386000.000,121146000.000,111452000.000,97781000.000,130841000.000,127560000.000,119832000.000,99020000.000,132698000.000,111975000.000,96188000.000,126191000.000,119929000.000,171812000.000,169160000.000,118461000.000
DeferredIncomeTaxExpenseBenefit,,,-10444000.000,,,,2104000.000,,,,-4343000.000,,,,-4090000.000,,,,6631000.000,,,,10928000.000,
DepreciationAmortizationAndAccretionNet,,,9971000.000,,,,16418000.000,,,,16609000.000,,,,16327000.000,,,,17909000.000,,,,19941000.000,
DerivativeInstrumentsGainLossRecognizedInOtherComprehensiveIncomeEffectivePortionNet,,,,,,,,,,,,,,,,,,,,-34880000.000,-9261000.000,,37064000.000,-3008000.000
EarningsPerShareBasic,0.640,0.370,0.530,0.520,0.550,0.620,0.620,0.570,0.600,0.850,0.830,0.740,0.870,0.970,0.890,0.790,0.930,0.900,0.740,0.890,0.890,1.200,1.030,0.780
EarningsPerShareDiluted,0.640,0.370,0.530,0.520,0.550,0.600,0.610,0.560,0.590,0.820,0.810,0.720,0.850,0.940,0.870,0.770,0.910,0.880,0.730,0.870,0.870,1.180,1.000,0.770
EffectOfExchangeRateOnCashAndCashEquivalents,,,-511000.000,,,,-2041000.000,,,,-1622000.000,,,,-13416000.000,,,,-24724000.000,,,,-26138000.000,
EffectiveIncomeTaxRateContinuingOperations,,0.405,0.393,0.382,0.389,-0.791,,,,,0.348,0.368,0.358,-0.716,0.378,0.371,0.360,-0.738,0.368,0.365,0.365,-0.759,0.290,0.319
EffectiveIncomeTaxRateReconciliationOtherAdjustments,,,,,-0.016,,,,,,,,,,,,,,,,,,,
EntityWideRevenueMajorCustomerPercentage,,,,,,,0.100,,,,,,,,,,,,,,,,,
ExcessTaxBenefitFromShareBasedCompensationFinancingActivities,,,1675000.000,,,,2071000.000,,,,5923000.000,,,,9367000.000,,,,34791000.000,,,,,
ExcessTaxBenefitFromShareBasedCompensationOperatingActivities,,,1675000.000,,,,2071000.000,,,,5923000.000,,,,9367000.000,,,,34791000.000,,,,,
FairValueAssetsMeasuredOnRecurringBasisChangeInUnrealizedGainLossIncludedInOtherIncome,,8819000.000,-6073000.000,8762000.000,22152000.000,150000.000,14696000.000,,,,,,,,,,,,,,,,,
FairValueAssetsMeasuredOnRecurringBasisChangeInUnrealizedGainLossIncludedInTradingRevenue,,-117000.000,-853000.000,-154000.000,-58000.000,35000.000,-10000.000,,,,,,,,,,,,,,,,,
FairValueAssetsMeasuredOnRecurringBasisGainLossIncludedInOtherIncome,,8819000.000,-649000.000,8032000.000,19867000.000,6833000.000,4276000.000,,,,,,,,,,,,,,,,,
FairValueAssetsMeasuredOnRecurringBasisGainLossIncludedInTradingRevenue,,441000.000,-870000.000,-194000.000,-63000.000,190000.000,-34000.000,,,,,,,,,,,,,,,,,
FairValueLevel2ToLevel1TransfersAmount,,,,436000.000,105000.000,,,,,,,,,,,,,,,,,,,
FeesAndCommissions,563710000.000,551337000.000,511334000.000,558527000.000,733180000.000,732443000.000,738584000.000,764989000.000,763345000.000,740793000.000,782180000.000,805719000.000,813461000.000,840165000.000,834009000.000,860214000.000,874606000.000,874209000.000,849662000.000,853330000.000,871764000.000,923859000.000,984385000.000,992112000.000
FeesAndCommissionsOther,41291000.000,38954000.000,74010000.000,75855000.000,82082000.000,87771000.000,88451000.000,88400000.000,90757000.000,95923000.000,93574000.000,101024000.000,101585000.000,111524000.000,111158000.000,111966000.000,113866000.000,120923000.000,116823000.000,127528000.000,129334000.000,137641000.000,148791000.000,162981000.000
FinancingReceivableAllowanceForCreditLossesProvisions,,,7456000.000,5154000.000,9315000.000,,,,,,,,,,,,,,,,,,,
FinancingReceivableAllowanceForCreditLossesRecoveries,,1232000.000,,,,,,,,,,,,,,,,,,,,,,
FinancingReceivableAllowanceForCreditLossesRecovery,,,,,,,,1045000.000,1513000.000,,540000.000,643000.000,-360000.000,1306000.000,594000.000,542000.000,4188000.000,291000.000,491000.000,280000.000,147000.000,,,
FinancingReceivableAllowanceForCreditLossesWriteOffs,,-9910000.000,6444000.000,8397000.000,6584000.000,6427000.000,3298000.000,2393000.000,7014000.000,4732000.000,249000.000,2475000.000,-755000.000,1907000.000,474000.000,411000.000,687000.000,1286000.000,814000.000,1796000.000,829000.000,,,
FinancingReceivableSignificantPurchases,,21295000.000,,,,,,,,,,,,,,,,,,,,,,
FinancingReceivableSignificantSales,,38545000.000,,,,,,,,,,,,,,,,,,,,,,
FiniteLivedIntangibleAssetsAcquired,,,,,,,13329000.000,0.000,0.000,,,,,,,,,,,,,,,
FiniteLivedIntangibleAssetsForeignCurrencyTranslationGainLoss,,,,,,,,,,,,,,,,,,,,,,,,82000.000
FiniteLivedIntangibleAssetsTranslationAdjustments,,,,,,,,,,,,,,,,,,,,-537000.000,37000.000,,,
FinitelivedIntangibleAssetsAcquired1,,,,,,,,,,,71000.000,118000.000,91000.000,128000.000,115000.000,118000.000,6064000.000,12541000.000,,87000.000,1145000.000,,,76000.000
FloorBrokerageExchangeAndClearanceFees,9447000.000,10277000.000,7454000.000,9070000.000,11025000.000,11873000.000,10168000.000,11405000.000,9266000.000,9414000.000,9954000.000,9876000.000,9335000.000,10710000.000,9498000.000,13588000.000,9648000.000,10014000.000,9996000.000,10517000.000,10214000.000,12005000.000,12350000.000,11407000.000
GainLossOnSalesOfLoansNet,,74000.000,217000.000,307000.000,398000.000,778000.000,1200000.000,1000000.000,820000.000,,,,,,,,,,,,,,,
GoodwillAcquiredDuringPeriod,,,,,,,,,,,,,,,,,,,,,9012000.000,,,
GoodwillForeignCurrencyTranslationGainLoss,,,,,,,,,,,,,,,,,,,,,,,,515000.000
GoodwillImpairmentLoss,,,,,,,0.000,6933000.000,0.000,0.000,0.000,0.000,0.000,0.000,0.000,0.000,0.000,0.000,,0.000,0.000,,,0.000
GoodwillPurchaseAccountingAdjustments,,,,,,,2308000.000,0.000,0.000,0.000,0.000,,,,,,,,,,,,,
GoodwillTranslationAdjustments,,,,,,,,,,,,,,,,,,,,5370000.000,176000.000,,,
ImpairedFinancingReceivableAverageRecordedInvestment,,66716000.000,124421000.000,108606000.000,102896000.000,-226833000.000,108645000.000,106535000.000,107162000.000,-215988000.000,97649000.000,96015000.000,107612000.000,-201286000.000,92493000.000,88745000.000,83417000.000,-179601000.000,68910000.000,64511000.000,74041000.000,-133322000.000,82117000.000,68607000.000
ImpairedFinancingReceivableInterestIncomeCashBasisMethod,,81000.000,422000.000,252000.000,292000.000,435000.000,327000.000,331000.000,487000.000,499000.000,626000.000,391000.000,387000.000,188000.000,326000.000,426000.000,409000.000,265000.000,380000.000,334000.000,320000.000,379000.000,333000.000,350000.000
ImpairmentOfIntangibleAssetsFinitelived,,,,,,,0.000,0.000,0.000,0.000,0.000,0.000,0.000,0.000,0.000,0.000,0.000,0.000,,0.000,0.000,,,0.000
IncomeLossFromContinuingOperationsBeforeIncomeTaxesExtraordinaryItemsNoncontrollingInterest,,,,,,,,131017000.000,132054000.000,,178924000.000,165464000.000,191243000.000,,202908000.000,180320000.000,208130000.000,206816000.000,168338000.000,198118000.000,197765000.000,236422000.000,206379000.000,165513000.000
IncomeLossFromContinuingOperationsBeforeIncomeTaxesMinorityInterestAndIncomeLossFromEquityMethodInvestments,124238000.000,81079000.000,104648000.000,107902000.000,137991000.000,117380000.000,147167000.000,159303000.000,128897000.000,158543000.000,178812000.000,152999000.000,178933000.000,205204000.000,198649000.000,175633000.000,201295000.000,201135000.000,162175000.000,190204000.000,191450000.000,233542000.000,207515000.000,161303000.000
IncomeLossIncludingPortionAttributableToNoncontrollingInterest,,81079000.000,104648000.000,107902000.000,137991000.000,117380000.000,147167000.000,159303000.000,128897000.000,158543000.000,178812000.000,152999000.000,178933000.000,205204000.000,198649000.000,175633000.000,201295000.000,201135000.000,162175000.000,190204000.000,191450000.000,233542000.000,207515000.000,161303000.000
IncomeTaxExpenseBenefit,45320000.000,31881000.000,43526000.000,42628000.000,48520000.000,40982000.000,53273000.000,51057000.000,48192000.000,44511000.000,62291000.000,60904000.000,68554000.000,76048000.000,76612000.000,66857000.000,74935000.000,77630000.000,62009000.000,72271000.000,72261000.000,64752000.000,59812000.000,52758000.000
IncomeTaxesPaidNet,,,10137000.000,,,,10650000.000,,,,78074000.000,,,,66578000.000,,,,33917000.000,,,,13710000.000,
IncreaseDecreaseInAccountsPayable,,,141531000.000,,,,958958000.000,,,,-1812395000.000,,,,-91971000.000,,,,76620000.000,,,,-507562000.000,
IncreaseDecreaseInDeposits,,,-34426000.000,,,,346952000.000,,,,710067000.000,,,,1060095000.000,,,,737728000.000,,,,927243000.000,
IncreaseDecreaseInEmployeeRelatedLiabilities,,,-161374000.000,,,,-154518000.000,,,,-168328000.000,,,,-224936000.000,,,,-242815000.000,,,,-218034000.000,
IncreaseDecreaseInFinancialInstrumentsUsedInOperatingActivities,,,6712000.000,,,,27780000.000,,,,-117067000.000,,,,-14616000.000,,,,-162685000.000,,,,-192716000.000,
IncreaseDecreaseInMortgageLoansHeldForSale,,,,,,,,,,,,,,,80176000.000,,,,74078000.000,,,,-35162000.000,
IncreaseDecreaseInOtherLoans,,,,,,,-5132000.000,,,,7058000.000,,,,27537000.000,,,,38500000.000,,,,13513000.000,
IncreaseDecreaseInPrepaidDeferredExpenseAndOtherAssets,,,18336000.000,,,,46978000.000,,,,-6767000.000,,,,-31112000.000,,,,-75873000.000,,,,-85740000.000,
IncreaseDecreaseInReceivables,,,-69322000.000,,,,-225982000.000,,,,-228526000.000,,,,-259730000.000,,,,-246998000.000,,,,-91410000.000,
IncreaseDecreaseInRestrictedCashAndInvestmentsForOperatingActivities,,,-43490000.000,,,,637306000.000,,,,-1472663000.000,,,,-129310000.000,,,,171359000.000,,,,-1016538000.000,
IncrementalCommonSharesAttributableToParticipatingNonvestedSharesWithNonForfeitableDividendRights,,,3200000.000,2700000.000,2400000.000,-5600000.000,1900000.000,1600000.000,1500000.000,-3400000.000,1100000.000,896000.000,819000.000,-1928000.000,514000.000,472000.000,449000.000,-971000.000,337000.000,362000.000,349000.000,-702000.000,310000.000,342000.000
InterestAndDividendIncomeSecuritiesAvailableForSale,,2382000.000,2087000.000,2093000.000,2488000.000,2408000.000,2217000.000,1987000.000,1937000.000,1864000.000,1923000.000,1655000.000,1598000.000,1384000.000,1312000.000,1284000.000,1234000.000,1270000.000,1651000.000,1921000.000,1880000.000,2144000.000,3400000.000,5675000.000
InterestAndDividendIncomeSecuritiesTradingOrMeasuredAtFairValue,,5067000.000,4079000.000,4062000.000,7181000.000,5655000.000,6012000.000,5175000.000,5312000.000,3590000.000,4528000.000,4615000.000,4750000.000,3990000.000,4500000.000,4925000.000,4636000.000,5389000.000,4281000.000,5145000.000,4913000.000,5023000.000,5006000.000,5391000.000
InterestAndFeeIncomeLoansAndLeases,,64824000.000,72022000.000,77587000.000,83846000.000,85756000.000,87310000.000,84603000.000,82508000.000,81543000.000,81209000.000,83639000.000,86231000.000,92863000.000,96758000.000,100054000.000,103017000.000,105749000.000,107601000.000,123370000.000,126354000.000,130041000.000,135525000.000,137786000.000
InterestAndFeeIncomeOtherLoans,,,,,,,2125000.000,2547000.000,1699000.000,,1656000.000,1647000.000,1528000.000,,1750000.000,1687000.000,1774000.000,1845000.000,1899000.000,2011000.000,2091000.000,2206000.000,3308000.000,3269000.000
InterestExpense,,,,,,,,,,,,,,,27384000.000,26846000.000,27724000.000,26000000.000,27009000.000,29424000.000,28211000.000,32433000.000,35966000.000,36677000.000
InterestExpenseBeneficialInterestsIssuedByConsolidatedVariableInterestEntities,,1430000.000,1305000.000,1356000.000,1177000.000,1194000.000,1049000.000,1063000.000,917000.000,930000.000,787000.000,797000.000,653000.000,663000.000,529000.000,537000.000,404000.000,409000.000,310000.000,315000.000,178000.000,218000.000,,
InterestExpenseBorrowings,,804000.000,970000.000,822000.000,2365000.000,1758000.000,1314000.000,1353000.000,1149000.000,908000.000,972000.000,876000.000,1128000.000,963000.000,1059000.000,1129000.000,1983000.000,1908000.000,2765000.000,3328000.000,3324000.000,3540000.000,3719000.000,3908000.000
InterestExpenseDeposits,,2804000.000,2243000.000,2337000.000,2405000.000,2499000.000,2476000.000,2412000.000,2191000.000,1953000.000,1945000.000,1939000.000,1980000.000,2095000.000,2137000.000,2090000.000,2077000.000,2078000.000,2019000.000,2752000.000,2733000.000,2714000.000,2783000.000,3397000.000
InterestExpenseFederalFundsPurchasedAndSecuritiesSoldUnderAgreementsToRepurchase,,489000.000,460000.000,,,,,,,,,,,,,,,,,,,,,
InterestExpenseNOWAccountsMoneyMarketAccountsAndSavingsDeposits,,1215000.000,755000.000,704000.000,736000.000,788000.000,813000.000,849000.000,692000.000,439000.000,397000.000,431000.000,445000.000,560000.000,613000.000,631000.000,639000.000,660000.000,571000.000,1346000.000,1413000.000,1486000.000,1648000.000,2398000.000
InterestExpenseOther,,2501000.000,1146000.000,814000.000,2625000.000,1204000.000,2266000.000,1177000.000,2801000.000,2497000.000,867000.000,1003000.000,2033000.000,887000.000,1663000.000,912000.000,1797000.000,474000.000,783000.000,1159000.000,2520000.000,-407000.000,1533000.000,1451000.000
InterestExpenseRelatedParty,,,76000000.000,,,,,,,,,,,,,,,,,,,,,
InterestExpenseTimeDeposits,,1589000.000,1488000.000,1633000.000,1669000.000,1711000.000,1663000.000,1563000.000,1499000.000,1514000.000,1548000.000,1508000.000,1535000.000,1535000.000,1524000.000,1459000.000,1438000.000,1418000.000,1448000.000,1406000.000,1320000.000,1228000.000,1135000.000,999000.000
InterestExpenseTradingLiabilities,,,,476000.000,839000.000,,798000.000,971000.000,994000.000,832000.000,868000.000,1255000.000,1075000.000,1129000.000,1085000.000,1133000.000,1158000.000,1127000.000,1191000.000,1371000.000,1277000.000,1196000.000,1328000.000,1460000.000
InterestIncomeExpenseAfterProvisionForLoanLoss,,69644000.000,78600000.000,85782000.000,82317000.000,89296000.000,92182000.000,87092000.000,91326000.000,90063000.000,90085000.000,90434000.000,87872000.000,94839000.000,95360000.000,103630000.000,112432000.000,100261000.000,101552000.000,122514000.000,132147000.000,138868000.000,147856000.000,147939000.000
InterestIncomeExpenseNet,,78007000.000,86056000.000,90936000.000,91632000.000,93265000.000,95105000.000,90829000.000,89184000.000,88110000.000,91721000.000,92413000.000,92339000.000,100322000.000,104725000.000,107567000.000,109423000.000,113538000.000,115462000.000,132143000.000,135599000.000,140044000.000,146816000.000,155867000.000
InterestIncomeOperating,96811000.000,95832000.000,102096000.000,108852000.000,121186000.000,121124000.000,123126000.000,118032000.000,117376000.000,115065000.000,117093000.000,118393000.000,119391000.000,126009000.000,132109000.000,134413000.000,137147000.000,139538000.000,142471000.000,161567000.000,163810000.000,172477000.000,182782000.000,192544000.000
InterestPaidNet,,,11215000.000,,,,27093000.000,,,,24448000.000,,,,26867000.000,,,,26421000.000,,,,32442000.000,
InvestmentAdvisoryFees,52441000.000,55016000.000,53505000.000,54269000.000,57887000.000,58189000.000,62070000.000,65503000.000,74601000.000,80581000.000,93414000.000,88096000.000,89080000.000,91772000.000,98761000.000,91016000.000,96235000.000,99226000.000,,,,,,
InvestmentAdvisoryManagementAndAdministrativeFees,,,,,,,,,,,,,,,,,,,98541000.000,93877000.000,96156000.000,103752000.000,108243000.000,110280000.000
InvestmentBankingRevenue,63131000.000,64518000.000,39336000.000,57954000.000,72266000.000,54023000.000,84870000.000,50255000.000,68057000.000,85069000.000,79797000.000,67311000.000,78694000.000,115019000.000,77538000.000,74240000.000,76988000.000,94894000.000,57553000.000,68704000.000,72714000.000,105184000.000,61425000.000,102377000.000
LaborAndRelatedExpense,579587000.000,575726000.000,541622000.000,596891000.000,736050000.000,745495000.000,762548000.000,763047000.000,772324000.000,756108000.000,804945000.000,812291000.000,825506000.000,869893000.000,841450000.000,882234000.000,901342000.000,900352000.000,866410000.000,887945000.000,908899000.000,961493000.000,1006467000.000,1035714000.000
LoansAndLeasesReceivableImpairedInterestLostOnNonaccrualLoans,,1700000.000,1300000.000,1400000.000,1300000.000,300000.000,1200000.000,1200000.000,1500000.000,-700000.000,887000.000,1000000.000,935000.000,878000.000,713000.000,487000.000,400000.000,-300000.000,400000.000,500000.000,400000.000,700000.000,600000.000,
NetCashProvidedByUsedInFinancingActivities,,,-57931000.000,,,,354363000.000,,,,695736000.000,,,,989527000.000,,,,649410000.000,,,,1201335000.000,
NetCashProvidedByUsedInFinancingActivitiesContinuingOperations,,,-57931000.000,,,,354363000.000,,,,695736000.000,,,,989527000.000,,,,649410000.000,,,,1201335000.000,
NetCashProvidedByUsedInInvestingActivities,,,-444308000.000,,,,-382624000.000,,,,-505294000.000,,,,-765438000.000,,,,-856713000.000,,,,-1105149000.000,
NetCashProvidedByUsedInInvestingActivitiesContinuingOperations,,,-444308000.000,,,,-382624000.000,,,,-505294000.000,,,,-765438000.000,,,,-856713000.000,,,,-1105149000.000,
NetCashProvidedByUsedInOperatingActivities,,,-19991000.000,,,,237989000.000,,,,16516000.000,,,,239649000.000,,,,227409000.000,,,,807775000.000,
NetCashProvidedByUsedInOperatingActivitiesContinuingOperations,,,-19991000.000,,,,237989000.000,,,,16516000.000,,,,239649000.000,,,,227409000.000,,,,807775000.000,
NetIncomeLoss,80917000.000,46786000.000,67325000.000,68869000.000,76350000.000,83325000.000,85874000.000,79960000.000,83862000.000,117458000.000,116633000.000,104560000.000,122689000.000,136366000.000,126296000.000,113463000.000,133195000.000,129186000.000,106329000.000,125847000.000,125504000.000,171670000.000,146567000.000,112755000.000
NetIncomeLossAttributableToNoncontrollingInterest,-1999000.000,-2412000.000,-6203000.000,-3595000.000,13121000.000,-6927000.000,8020000.000,28286000.000,-3157000.000,-3426000.000,-112000.000,-12465000.000,-12310000.000,-7210000.000,-4259000.000,-4687000.000,-6835000.000,-5681000.000,-6163000.000,-7914000.000,-6315000.000,-2880000.000,1136000.000,-4210000.000
NetIncomeLossAttributableToParentDiluted,,45399000.000,65608000.000,67448000.000,75005000.000,81882000.000,84684000.000,79066000.000,83001000.000,116303000.000,115767000.000,103918000.000,121993000.000,135624000.000,125852000.000,113099000.000,132792000.000,128817000.000,106095000.000,125538000.000,125206000.000,171275000.000,146264000.000,112497000.000
NoninterestExpense,727819000.000,769308000.000,678129000.000,764035000.000,948217000.000,948229000.000,962321000.000,983792000.000,980639000.000,964765000.000,1004590000.000,1025646000.000,1035298000.000,1079887000.000,1053811000.000,1110145000.000,1119694000.000,1139848000.000,1112342000.000,1121290000.000,1167032000.000,1225232000.000,1285287000.000,1402334000.000
NoninterestExpenseInvestmentAdvisoryFees,7867000.000,7703000.000,6562000.000,7143000.000,7765000.000,7740000.000,8050000.000,8410000.000,10369000.000,10283000.000,11799000.000,13798000.000,12887000.000,13928000.000,14255000.000,14987000.000,15293000.000,15034000.000,14554000.000,14282000.000,15030000.000,16064000.000,19295000.000,17778000.000
NoninterestIncomeOtherOperatingIncome,34114000.000,55026000.000,9193000.000,21417000.000,34617000.000,21246000.000,31069000.000,74991000.000,25048000.000,14774000.000,24565000.000,9240000.000,21796000.000,11915000.000,17388000.000,23715000.000,33655000.000,21838000.000,14307000.000,21497000.000,23120000.000,23082000.000,22587000.000,24209000.000
NumberOfOperatingSegments,,,,,,,,,,,5.000,,,,,,,,,,,,,
OccupancyNet,26773000.000,27140000.000,25937000.000,27231000.000,41087000.000,39944000.000,39478000.000,38694000.000,39323000.000,39954000.000,39685000.000,39897000.000,40757000.000,41344000.000,39227000.000,41604000.000,40269000.000,42129000.000,41789000.000,40891000.000,40825000.000,43950000.000,46052000.000,47498000.000
OtherComprehensiveIncomeAvailableforsaleSecuritiesAdjustmentNetOfTaxPortionAttributableToParent,2024000.000,-26000.000,,,,,,,,,,,,,,,,,,,,,,
OtherComprehensiveIncomeDerivativesQualifyingAsHedgesNetOfTaxPortionAttributableToParent,,,,,,,,,,,,,,,,-1501000.000,3589000.000,,3265000.000,-11469000.000,-6922000.000,3293000.000,25738000.000,1531000.000
OtherComprehensiveIncomeForeignCurrencyTransactionAndTranslationAdjustmentNetOfTaxPortionAttributableToParent,3703000.000,998000.000,4820000.000,2525000.000,-8933000.000,,,,,,,,,,,-15279000.000,1295000.000,,-6615000.000,10714000.000,2302000.000,-4222000.000,1001000.000,2223000.000
OtherComprehensiveIncomeForeignCurrencyTransactionAndTranslationGainLossArisingDuringPeriodNetOfTax,,,,248000.000,2300000.000,,,,,,,,,,,,,,,,,,,
OtherComprehensiveIncomeLossBeforeReclassificationsBeforeTax,,,,,,,,,,,,,,,,1761000.000,3039000.000,,-7315000.000,,,,,
OtherComprehensiveIncomeLossBeforeReclassificationsNetOfTax,,,,,,,,,,,-2911000.000,-6755000.000,8483000.000,-8448000.000,-6464000.000,,,,,,,,,
OtherComprehensiveIncomeLossBeforeTaxPortionAttributableToParent,,,,,,,,,,,,,,,,1819000.000,-4479000.000,,-5907000.000,,,,,
OtherComprehensiveIncomeLossForeignCurrencyTransactionAndTranslationAdjustmentNetOfTax,,,,,,,,,,,,,,,-6440000.000,,,,,,,,,
OtherComprehensiveIncomeLossNetOfTax,,,,,,,,,,,-5181000.000,-6779000.000,8152000.000,-8806000.000,-6464000.000,,,,,,,,,
OtherComprehensiveIncomeLossNetOfTaxPortionAttributableToParent,,,,,,,,,,,,,,,,-14443000.000,-497000.000,,-10141000.000,344000.000,-5575000.000,142000.000,22593000.000,5706000.000
OtherComprehensiveIncomeLossTaxPortionAttributableToParent1,,,,,,,,,,,,,,,,16262000.000,-3982000.000,,4234000.000,,,,,
OtherInterestAndDividendIncome,,6755000.000,5619000.000,7040000.000,7107000.000,7114000.000,5947000.000,4643000.000,5750000.000,238000.000,3487000.000,3842000.000,2524000.000,3595000.000,3392000.000,3348000.000,3471000.000,2411000.000,3718000.000,3154000.000,4552000.000,6594000.000,4701000.000,6060000.000
OtherNoncashIncomeExpense,,,-827000.000,,,,-519000.000,,,,8685000.000,,,,-1872000.000,,,,-6881000.000,,,,5490000.000,
OtherNoninterestExpense,36308000.000,34143000.000,23692000.000,27819000.000,33640000.000,30785000.000,30777000.000,41071000.000,39175000.000,33881000.000,42473000.000,41635000.000,43926000.000,44851000.000,47110000.000,43670000.000,46757000.000,46105000.000,51049000.000,48112000.000,66962000.000,67877000.000,81974000.000,163337000.000
OtherThanTemporaryImpairmentCreditLossesRecognizedInEarningsAdditionsAdditionalCreditLosses,,2255000.000,1634000.000,1337000.000,569000.000,326000.000,385000.000,0.000,38000.000,213000.000,27000.000,0.000,0.000,0.000,0.000,0.000,0.000,0.000,0.000,0.000,0.000,0.000,,
OtherThanTemporaryImpairmentCreditLossesRecognizedInEarningsAdditionsNoPreviousImpairment,,0.000,462000.000,0.000,866000.000,81000.000,0.000,0.000,0.000,0.000,,,,,,,,,,,,,,
OtherThanTemporaryImpairmentCreditLossesRecognizedInEarningsReductionsCashFlows,,0.000,,,,,,,,,,,,,,,,,,,,,,
OtherThanTemporaryImpairmentCreditLossesRecognizedInEarningsReductionsSecuritiesSold,,0.000,0.000,0.000,0.000,0.000,,,,,,,9541000.000,,,,6856000.000,,,,0.000,,2353000.000,0.000
OtherThanTemporaryImpairmentLossesInvestmentsAvailableforsaleSecurities,,,,,,,,,,,,,,,-1751000.000,627000.000,-1228000.000,-137000.000,-374000.000,353000.000,-423000.000,1749000.000,860000.000,397000.000
OtherThanTemporaryImpairmentLossesInvestmentsPortionInOtherComprehensiveIncomeLossBeforeTaxIncludingPortionAttributableToNoncontrollingInterestAvailableforsaleSecurities,,,2091000.000,-12190000.000,175000.000,-12495000.000,-3739000.000,3364000.000,,,,,,,,,,,,,,,,
OtherThanTemporaryImpairmentLossesInvestmentsPortionInOtherComprehensiveIncomeLossBeforeTaxPortionAttributableToParentAvailableforsaleSecurities,,,,,,,,,,,,,,,-1751000.000,627000.000,-1228000.000,-137000.000,-374000.000,353000.000,-423000.000,-861000.000,-860000.000,397000.000
OtherThanTemporaryImpairmentLossesInvestmentsPortionRecognizedInEarningsNetAvailableforsaleSecurities,,,2096000.000,-1337000.000,1435000.000,-7469000.000,-385000.000,0.000,38000.000,,,,,,0.000,0.000,0.000,0.000,0.000,0.000,0.000,0.000,0.000,0.000
ParticipatingSecuritiesDistributedAndUndistributedEarnings,,1392000.000,1722000.000,1431000.000,1355000.000,1450000.000,1204000.000,908000.000,875000.000,1177000.000,884000.000,656000.000,710000.000,,,,,,,,,,,
ParticipatingSecuritiesDistributedAndUndistributedEarningsLossBasic,,,,,,,,,,,,,,,453000.000,371000.000,410000.000,376000.000,238000.000,313000.000,302000.000,403000.000,310000.000,262000.000
PaymentsForOriginationAndPurchasesOfLoansHeldForSale,,,109100000.000,168800000.000,325500000.000,299800000.000,381700000.000,293600000.000,352400000.000,,,,,,,,,,,,,,,
PaymentsForProceedsFromFederalHomeLoanBankStock,,,-20228000.000,,,,0.000,,,,,,,,450000.000,,,,1063000.000,,,,4250000.000,
PaymentsForProceedsFromLoansAndLeases,,,489970000.000,,,,387071000.000,,,,585879000.000,,,,766663000.000,,,,770371000.000,,,,782388000.000,
PaymentsForProceedsFromLongtermInvestments,,,,,,,,,,,,,,,17667000.000,,,,25128000.000,,,,-16924000.000,
PaymentsForProceedsFromOtherInvestingActivities,,,,,,,,,,,,,,,,,,,,,,,-2341000.000,
PaymentsForRepurchaseOfCommonStock,,,17054000.000,,,,8271000.000,,,,5028000.000,,,,12708000.000,,,,12139000.000,,,,26058000.000,
PaymentsOfDividendsCommonStock,,,16399000.000,,,,17968000.000,,,,20280000.000,,,,23626000.000,,,,27106000.000,,,,31255000.000,
PaymentsToAcquireAdditionalInterestInSubsidiaries,,,4017000.000,,,,,,,,,,,,,,,,,,,,,
PaymentsToAcquireAvailableForSaleSecurities,,,950000.000,,,,26000.000,,,,1306000.000,,,,0.000,,,,77223000.000,,,,377235000.000,
PaymentsToAcquireBusinessesNetOfCashAcquired,,,,,,,6450000.000,,,,0.000,,,,,,,,,,,,,
PaymentsToAcquirePropertyPlantAndEquipment,,,13647000.000,,,,18935000.000,,,,12691000.000,,,,13058000.000,,,,32581000.000,,,,78659000.000,
PriorPeriodReclassificationAdjustment,,,,29800000.000,32800000.000,,,,,,,,,,,,,,,,,,,
ProceedsFromIssuanceOfDebt,,,,,,,,,,,,,,,0.000,,,,,,,,,
ProceedsFromIssuanceOfSharesUnderIncentiveAndShareBasedCompensationPlansIncludingStockOptions,,,,,,,,,,,,,,,,,,,14386000.000,,,,24143000.000,
ProceedsFromLongTermLinesOfCredit,,,,,,,,,,,,,,,,,,,25000000.000,,,,100000000.000,
ProceedsFromMaturitiesPrepaymentsAndCallsOfAvailableForSaleSecurities,,,40029000.000,,,,35144000.000,,,,51060000.000,,,,17485000.000,,,,21627000.000,,,,56647000.000,
ProceedsFromRepaymentsOfShortTermDebtMaturingInThreeMonthsOrLess,,,,,,,,,,,,,,,,,,,-115000000.000,,,,208400000.000,
ProceedsFromSaleOfAvailableForSaleSecurities,,,0.000,,,,,,,,370000.000,,,,0.000,,,,,,,,7308000.000,
ProceedsFromSaleOfLoansHeldForInvestment,,,,,,,,,,,57973000.000,,,,14869000.000,,,,35375000.000,,,,54163000.000,
ProceedsFromSaleOfLoansHeldForSale,,,20100000.000,45600000.000,37200000.000,80700000.000,60400000.000,84700000.000,78600000.000,,,,,,,,,,,,,,,
ProfitLoss,78918000.000,49198000.000,61122000.000,65274000.000,89471000.000,76398000.000,93894000.000,108246000.000,80705000.000,114032000.000,116521000.000,92095000.000,110379000.000,129156000.000,122037000.000,108776000.000,126360000.000,123505000.000,100166000.000,117933000.000,119189000.000,168790000.000,147703000.000,108545000.000
ProvisionForLoanAndLeaseLosses,8637000.000,8363000.000,7456000.000,5154000.000,9315000.000,3969000.000,2923000.000,3737000.000,-2142000.000,-1953000.000,1636000.000,1979000.000,4467000.000,5483000.000,9365000.000,3937000.000,-3009000.000,13277000.000,13910000.000,9629000.000,3452000.000,1176000.000,-1040000.000,7928000.000
ProvisionForLoanLeaseAndOtherLosses,,,,,,,2923000.000,3737000.000,,,,,,,11267000.000,,,,22588000.000,,,,33017000.000,
ReclassificationFromAccumulatedOtherComprehensiveIncomeCurrentPeriodBeforeTax,,,,,,,,,,,,,,,,-58000.000,7518000.000,,-1408000.000,,,,,
ReclassificationFromAccumulatedOtherComprehensiveIncomeCurrentPeriodNetOfTax,,,,,,,,,,,2270000.000,24000.000,331000.000,358000.000,0.000,,,,,,,,,
RepaymentsOfDebt,,,,,,,,,,,,,,,50750000.000,,,,,,,,,
RepaymentsOfLongTermDebt,,,,,,,,,,,,,,,,,,,1091000.000,,,,1138000.000,
Revenues,866744000.000,868212000.000,798817000.000,889853000.000,1115762000.000,1093468000.000,1137509000.000,1170298000.000,1137728000.000,1150263000.000,1208774000.000,1204625000.000,1241283000.000,1310778000.000,1279844000.000,1312624000.000,1348713000.000,1366983000.000,1301526000.000,1340918000.000,1386693000.000,1491207000.000,1528768000.000,1600314000.000
RevenuesNetOfInterestExpense,,,,,,,,,,,,,,,1252460000.000,1285778000.000,1320989000.000,1340983000.000,1274517000.000,1311494000.000,1358482000.000,1458774000.000,1492802000.000,1563637000.000
SalesRevenueNet,803613000.000,803694000.000,759481000.000,831899000.000,1043496000.000,1039445000.000,1052639000.000,1120043000.000,1069671000.000,1065194000.000,1128977000.000,1137314000.000,1162589000.000,1195759000.000,1202306000.000,1238384000.000,1271725000.000,1272089000.000,1243973000.000,1272214000.000,1313979000.000,1386023000.000,1467343000.000,1497937000.000
ShareBasedCompensation,,,17410000.000,,,,17783000.000,,,,20876000.000,,,,22665000.000,,,,22400000.000,,,,40545000.000,
TradingGainsLosses,15246000.000,7529000.000,9343000.000,12979000.000,14544000.000,18672000.000,9339000.000,8128000.000,-1456000.000,18058000.000,18151000.000,14842000.000,17276000.000,14374000.000,8881000.000,17060000.000,16216000.000,16355000.000,22169000.000,14415000.000,29795000.000,25212000.000,20555000.000,15811000.000
TradingSecuritiesUnrealizedHoldingGainLoss,,,,,,,,,,,,,,,-2900000.000,,,,,,,,,
TransferOfOtherRealEstate,,,2651000.000,,,,596000.000,,,,989000.000,,,,1577000.000,,,,608000.000,,,,1191000.000,
UnrealizedGainLossOnInvestments,,,,,,,-114000.000,-14000.000,-2700000.000,,,,,,,,,,,,,,,
UnrecognizedTaxBenefitsDecreasesResultingFromSettlementsWithTaxingAuthorities,,,,,,,,,,,,,,,,,,,1900000.000,,,,,
WeightedAverageNumberDilutedSharesOutstandingAdjustment,,720000.000,487000.000,1291000.000,1401000.000,-2194000.000,2170000.000,2905000.000,3046000.000,-5312000.000,3508000.000,3748000.000,3715000.000,-7317000.000,4036000.000,3730000.000,3241000.000,-7616000.000,3083000.000,2540000.000,2787000.000,-5670000.000,3565000.000,3412000.000
WeightedAverageNumberOfDilutedSharesOutstanding,123265000.000,123958000.000,123712000.000,130644000.000,136657000.000,-259222000.000,138694000.000,140722000.000,141231000.000,-280106000.000,142597000.000,143636000.000,143985000.000,-286629000.000,145282000.000,146050000.000,146493000.000,-291886000.000,146141000.000,144012000.000,143952000.000,-289592000.000,145675000.000,146779000.000
WeightedAverageNumberOfSharesOutstandingBasic,122396000.000,123238000.000,123225000.000,129353000.000,135256000.000,-257028000.000,136524000.000,137817000.000,138185000.000,-274794000.000,139089000.000,139888000.000,140270000.000,-279312000.000,141246000.000,142320000.000,143252000.000,-284270000.000,143058000.000,141472000.000,141165000.000,-283922000.000,142110000.000,143367000.000
