,2011-02-28,2011-08-31,2011-11-30,2012-02-29,2012-05-31,2012-08-31,2012-11-30,2013-02-28,2013-05-31,2013-08-31,2013-11-30,2014-02-28,2014-05-31,2014-08-31,2014-11-30,2015-02-28,2015-05-31,2015-08-31,2015-11-30,2016-02-29,2016-05-31,2016-08-31,2016-11-30,2017-02-28
AdjustmentForAmortization,,10233000.000,,,,6100000.000,,,,5823000.000,5900000.000,5800000.000,5119000.000,4206000.000,,,,3603000.000,,,,3489000.000,,
AmortizationOfIntangibleAssets,,,,,,,,,,,,,,3500000.000,3500000.000,3400000.000,,3600000.000,4200000.000,4400000.000,,3500000.000,3600000.000,3600000.000
AntidilutiveSecuritiesExcludedFromComputationOfEarningsPerShareAmount,,2500000.000,3300000.000,1100000.000,-4900000.000,800000.000,400000.000,600000.000,-1100000.000,600000.000,500000.000,400000.000,-800000.000,600000.000,500000.000,400000.000,-900000.000,500000.000,300000.000,300000.000,-600000.000,700000.000,700000.000,300000.000
BusinessCombinationAcquisitionRelatedCosts,,,,,,,,,,,,,,,,,,,,,,2787000.000,3347000.000,9344000.000
BusinessCombinationContingentConsiderationArrangementsChangeInAmountOfContingentConsiderationLiability1,,,,,,,,,,,,,,,,,,,,,,,-4500000.000,
BusinessExitCosts1,,,,,,,,,,,,,,,,0.000,,,,,,,,
CommonStockDividendsPerShareDeclared,,,0.540,,,,0.640,0.000,,,0.770,0.000,,,1.700,0.000,,,1.050,0.000,,,1.330,0.000
ComprehensiveIncomeNetOfTax,,69404000.000,53997000.000,87890000.000,,84085000.000,80180000.000,66985000.000,85652000.000,77582000.000,87197000.000,79868000.000,120100000.000,108498000.000,111104000.000,73110000.000,101007000.000,88648000.000,347424000.000,101347000.000,139698000.000,126553000.000,159503000.000,123350000.000
CostmethodInvestmentsOtherThanTemporaryImpairment,,,,,,,,0.000,,0.000,0.000,0.000,,,,,,,,,,,,
DeconsolidationGainOrLossAmount,,,,,,,,,,,,,,6619000.000,0.000,0.000,-1667000.000,0.000,,,,,,
DeferredIncomeTaxExpenseBenefit,,-7808000.000,,,,,,,,,,,,,,,,,,,,,,
Depreciation,,38277000.000,,,,40342000.000,,,,42571000.000,,,,35448000.000,,,,36165000.000,,,,39679000.000,,
DiscontinuedOperationGainLossFromDisposalOfDiscontinuedOperationBeforeIncomeTax,,,,,,,,,,,,,,,,,,4843000.000,,,,0.000,,
DiscontinuedOperationIncomeLossFromDiscontinuedOperationNetOfTaxPerBasicShare,,,,,,,,,,,,,,,,,,,2.060,0.000,,,0.160,-0.010
DiscontinuedOperationIncomeLossFromDiscontinuedOperationNetOfTaxPerDilutedShare,,,,,,,,,,,,,,,,,,,2.030,0.000,,,0.160,-0.010
DiscontinuedOperationTaxEffectOfDiscontinuedOperation,,,,,,,,,,,,,,,11892000.000,53000.000,,-3419000.000,146395000.000,-741000.000,-8523000.000,,8953000.000,1098000.000
Dividends,,,70820000.000,,,,79744000.000,0.000,,,93320000.000,0.000,,,,,,,,,,,,
EarningsPerShareBasic,0.410,0.520,0.570,0.580,0.600,0.610,0.630,0.600,0.690,0.630,0.710,0.700,1.040,0.940,1.020,0.810,0.910,0.890,3.110,1.070,1.230,1.290,1.320,1.100
EarningsPerShareDiluted,0.410,0.520,0.570,0.580,0.600,0.600,0.630,0.600,0.690,0.630,0.700,0.690,1.030,0.930,1.000,0.800,0.900,0.880,3.060,1.050,1.220,1.260,1.290,1.070
EffectOfExchangeRateOnCashAndCashEquivalentsContinuingOperations,,137000.000,,,,1247000.000,,,,-225000.000,,,,-19000.000,,,,-1715000.000,,,,-102000.000,,
EquityMethodInvestmentRealizedGainLossOnDisposal,,,,,,,,,,,,,,21739000.000,0.000,0.000,0.000,0.000,0.000,0.000,0.000,,,
FiniteLivedIntangibleAssetsForeignCurrencyTranslationGainLoss,,,,,,,,,,,,,,,,,,,,,,-2000.000,,
FiniteLivedIntangibleAssetsTranslationAdjustments,,,,,,,,,,134000.000,,,,-274000.000,,,,,,,,,,
FinitelivedIntangibleAssetsAcquired1,,,,,,,,,,6151000.000,,,,2376000.000,,,,35910000.000,,,,4278000.000,,
FutureAmortizationExpenseYearFive,,9500000.000,,,,5100000.000,,,,,,,,,,,,,,,,,,
FutureAmortizationExpenseYearFour,,14700000.000,,,,10100000.000,,,,,,,,,,,,,,,,,,
FutureAmortizationExpenseYearOne,,38000000.000,,,,22200000.000,,,,,,,,,,,,,,,,,,
FutureAmortizationExpenseYearThree,,17500000.000,,,,15300000.000,,,,,,,,,,,,,,,,,,
FutureAmortizationExpenseYearTwo,,21000000.000,,,,18100000.000,,,,,,,,,,,,,,,,,,
GainLossOnSaleOfEquityInvestments,,,,,,,8500000.000,,,,,,,,,,,,,,,,,
GoodwillAcquiredDuringPeriod,,182000.000,,,,2225000.000,,,,13069000.000,,,,693000.000,,,,77684000.000,,,,6823000.000,,
GoodwillForeignCurrencyTranslationGainLoss,,,,,,,,,,,,,,,,,,,,,,-41000.000,,
GoodwillImpairmentLoss,,,,,,,,,,,,,,,,,,0.000,,,,,,
GoodwillTranslationAdjustments,,88000.000,,,,1504000.000,,,,377000.000,,,,-936000.000,,,,-793000.000,,,,,,
ImpairmentOfInvestments,,,,,,,,,,,,,,0.000,0.000,0.000,0.000,0.000,,,,0.000,,
IncomeLossFromContinuingOperations,,,,,,,,,,,,,,109791000.000,103446000.000,93636000.000,101204000.000,106198000.000,115453000.000,117279000.000,118011000.000,138091000.000,123454000.000,118647000.000
IncomeLossFromContinuingOperationsBeforeIncomeTaxesMinorityInterestAndIncomeLossFromEquityMethodInvestments,96636000.000,111605000.000,115360000.000,120690000.000,123289000.000,122773000.000,122878000.000,116853000.000,137404000.000,123615000.000,136571000.000,133788000.000,213884000.000,175316000.000,165265000.000,157459000.000,160236000.000,169214000.000,184289000.000,177124000.000,187495000.000,192854000.000,189622000.000,181010000.000
IncomeLossFromContinuingOperationsPerBasicShare,,,,,,,,,,,,,,0.940,0.870,0.800,0.880,0.940,1.050,1.070,1.090,1.290,1.160,1.110
IncomeLossFromContinuingOperationsPerDilutedShare,,,,,,,,,,,,,,0.930,0.860,0.790,0.860,0.930,1.030,1.050,1.080,1.260,1.130,1.080
IncomeLossFromDiscontinuedOperationsNetOfTaxAttributableToReportingEntity,,,,,,,,,,,,,,317000.000,16966000.000,1247000.000,4011000.000,-6017000.000,229647000.000,62000.000,12887000.000,0.000,16923000.000,-642000.000
IncomeLossFromDiscontinuedOperationsNetOfTaxPerBasicAndDilutedShare,,,,,,,,,,,,,,0.010,,,,-0.050,,,,,,
IncomeLossFromDiscontinuedOperationsNetOfTaxPerBasicShare,,,,,,,,,,,,,,0.000,0.150,0.010,0.030,-0.050,2.060,0.000,0.140,0.000,,
IncomeLossFromDiscontinuedOperationsNetOfTaxPerDilutedShare,,,,,,,,,,,,,,0.000,0.140,0.010,0.040,-0.050,2.030,0.000,0.140,0.000,,
IncomeLossFromEquityMethodInvestments,,,,,,0.000,0.000,0.000,0.000,0.000,0.000,0.000,0.000,0.000,0.000,,,-14516000.000,,,,0.000,,
IncomeLossFromSubsidiariesBeforeTax,,,,,,,,,,,,,,,,0.000,,0.000,0.000,0.000,0.000,0.000,0.000,0.000
IncomeTaxExpenseBenefit,37566000.000,42967000.000,41010000.000,44655000.000,44675000.000,46040000.000,44851000.000,42148000.000,51427000.000,45861000.000,51709000.000,49186000.000,86660000.000,65525000.000,61819000.000,57052000.000,57000000.000,63016000.000,68836000.000,59845000.000,69484000.000,54763000.000,66168000.000,62363000.000
IncreaseDecreaseInAccountsPayable,,-9329000.000,,,,16278000.000,,,,2915000.000,,,,-1325000.000,,,,15531000.000,,,,17480000.000,,
IncreaseDecreaseInAccountsReceivable,,10142000.000,,,,7128000.000,,,,14903000.000,,,,-8222000.000,,,,19255000.000,,,,22946000.000,,
IncreaseDecreaseInAccruedLiabilities,,-10201000.000,,,,-27400000.000,,,,-27215000.000,,,,10384000.000,,,,-26253000.000,,,,-23676000.000,,
IncreaseDecreaseInDeferredIncomeTaxes,,,,,,-9716000.000,,,,-7373000.000,,,,-2108000.000,,,,-5632000.000,,,,-1970000.000,,
IncreaseDecreaseInEmployeeRelatedLiabilities,,-27611000.000,,,,-50793000.000,,,,-34777000.000,,,,-41262000.000,,,,-35579000.000,,,,-37276000.000,,
IncreaseDecreaseInIncomeTaxesPayableNetOfIncomeTaxesReceivable,,47860000.000,,,,29744000.000,,,,32658000.000,,,,48009000.000,,,,48540000.000,,,,40542000.000,,
IncreaseDecreaseInInventories,,30770000.000,,,,-9889000.000,,,,5258000.000,,,,-1377000.000,,,,8109000.000,,,,13017000.000,,
IncreaseDecreaseInPrepaidDeferredExpenseAndOtherAssets,,5983000.000,,,,5392000.000,,,,7216000.000,,,,5884000.000,,,,6024000.000,,,,5655000.000,,
IncrementalCommonSharesAttributableToShareBasedPaymentArrangements,,29000.000,13000.000,210000.000,-110000.000,348000.000,424000.000,637000.000,-834000.000,762000.000,1143000.000,1367000.000,-2009000.000,1371000.000,1540000.000,1689000.000,-2957000.000,1632000.000,1812000.000,1620000.000,-3329000.000,2631000.000,2690000.000,2799000.000
InterestExpense,12520000.000,17334000.000,17728000.000,17219000.000,18344000.000,16598000.000,16294000.000,16302000.000,16518000.000,16523000.000,16485000.000,16418000.000,16396000.000,16583000.000,15929000.000,16254000.000,16395000.000,16412000.000,16171000.000,16163000.000,15776000.000,14172000.000,13267000.000,13696000.000
InvestmentIncomeInterest,280000.000,365000.000,403000.000,373000.000,801000.000,77000.000,149000.000,132000.000,51000.000,68000.000,84000.000,44000.000,33000.000,53000.000,19000.000,96000.000,171000.000,119000.000,111000.000,335000.000,331000.000,65000.000,31000.000,11000.000
NetCashProvidedByUsedInContinuingOperations,,-287794000.000,,,,-20608000.000,,,,-73603000.000,,,,68165000.000,,,,-270213000.000,,,,-40148000.000,,
NetCashProvidedByUsedInFinancingActivities,,-262157000.000,,,,-55479000.000,,,,-88933000.000,,,,-41198000.000,,,,-209719000.000,,,,-97028000.000,,
NetCashProvidedByUsedInFinancingActivitiesContinuingOperations,,-262157000.000,,,,-55479000.000,,,,-88933000.000,,,,-41198000.000,,,,-209719000.000,,,,-97028000.000,,
NetCashProvidedByUsedInInvestingActivities,,-82336000.000,,,,-61241000.000,,,,-67004000.000,,,,-38819000.000,,,,-201862000.000,,,,-100606000.000,,
NetCashProvidedByUsedInInvestingActivitiesContinuingOperations,,-82336000.000,,,,-61241000.000,,,,-67004000.000,,,,-38819000.000,,,,-201862000.000,,,,-100606000.000,,
NetCashProvidedByUsedInOperatingActivities,,56562000.000,,,,94865000.000,,,,82559000.000,,,,148201000.000,,,,143083000.000,,,,157588000.000,,
NetCashProvidedByUsedInOperatingActivitiesContinuingOperations,,56562000.000,,,,94865000.000,,,,82559000.000,,,,148201000.000,,,,143083000.000,,,,157588000.000,,
NetIncomeLoss,,68638000.000,74350000.000,76035000.000,78614000.000,76733000.000,78027000.000,74705000.000,85977000.000,77754000.000,84862000.000,84602000.000,127224000.000,110108000.000,120412000.000,94883000.000,105215000.000,100181000.000,345100000.000,117341000.000,130898000.000,138091000.000,140377000.000,118005000.000
OperatingIncomeLoss,108876000.000,128574000.000,132685000.000,137536000.000,140832000.000,139294000.000,139023000.000,133023000.000,153871000.000,140070000.000,152972000.000,150162000.000,123806000.000,163488000.000,181175000.000,173617000.000,178127000.000,185507000.000,200349000.000,192952000.000,202940000.000,206961000.000,202858000.000,194695000.000
OtherComprehensiveIncomeAvailableForSaleSecuritiesAdjustmentNetOfTaxPeriodIncreaseDecrease,,18000.000,,,,-2000.000,-10000.000,,,,,,,,,,,,,,,,,
OtherComprehensiveIncomeAvailableForSaleSecuritiesTax,,100000.000,,,,,,,,,,,,,,,,,,,,,,
OtherComprehensiveIncomeAvailableforsaleSecuritiesAdjustmentNetOfTaxPortionAttributableToParent,,,7000.000,-29000.000,,,,,,,,,,,,,,,,,,,,
OtherComprehensiveIncomeDerivativesQualifyingAsHedgesNetOfTaxPeriodIncreaseDecrease,,153000.000,,,,-151000.000,0.000,,,,,,,,,,,,,,,,,
OtherComprehensiveIncomeDerivativesQualifyingAsHedgesNetOfTaxPortionAttributableToParent,,,27000.000,304000.000,,,,,,,,,,,,,,,,,,,,
OtherComprehensiveIncomeForeignCurrencyTransactionAndTranslationAdjustmentNetOfTaxPeriodIncreaseDecrease,,218000.000,,,,7017000.000,1675000.000,,,,,,,,,,,,,,,,,
OtherComprehensiveIncomeForeignCurrencyTransactionAndTranslationAdjustmentNetOfTaxPortionAttributableToParent,,,-20764000.000,11203000.000,,,,,,,,,,,,,,,,,,,,
OtherComprehensiveIncomeLossAvailableForSaleSecuritiesAdjustmentNetOfTax,,,,,,,,1000.000,,-14000.000,-4000.000,1000.000,,0.000,3000.000,5000.000,,-8000.000,-10000.000,-7000.000,,-1000.000,1000.000,0.000
OtherComprehensiveIncomeLossAvailableForSaleSecuritiesTax,,,,,,,,,,,100000.000,,,,,,,,,,,,,
OtherComprehensiveIncomeLossBeforeReclassificationsNetOfTax,,,,,,,,,,-660000.000,1847000.000,-5222000.000,-7612000.000,-2098000.000,-9796000.000,-22261000.000,,-12021000.000,-4636000.000,-16482000.000,,-11923000.000,18741000.000,4960000.000
OtherComprehensiveIncomeLossDerivativesQualifyingAsHedgesNetOfTax,,,,,,,,-36000.000,,0.000,-189000.000,-102000.000,63000.000,17000.000,-21000.000,-29000.000,70000.000,0.000,0.000,-14070000.000,1914000.000,-12037000.000,26390000.000,2560000.000
OtherComprehensiveIncomeLossDerivativesQualifyingAsHedgesTax,,,,,,,,,,,100000.000,,,,,,,,,,,,,
OtherComprehensiveIncomeLossForeignCurrencyTransactionAndTranslationAdjustmentNetOfTax,,,,,,,,-8173000.000,,-646000.000,2040000.000,-5121000.000,-6060000.000,-2115000.000,-9778000.000,-22237000.000,-4408000.000,-12013000.000,-4626000.000,-2405000.000,7111000.000,115000.000,-7650000.000,2400000.000
OtherComprehensiveIncomeLossNetOfTax,,,,,,,,-7720000.000,,-172000.000,2335000.000,-4734000.000,-7124000.000,-1610000.000,-9308000.000,-21773000.000,-4208000.000,-11533000.000,2324000.000,-15994000.000,8800000.000,-11538000.000,19126000.000,5345000.000
OtherComprehensiveIncomeLossNetOfTaxPeriodIncreaseDecrease,,,,,,7352000.000,2153000.000,,,,,,,,,,,,,,,,,
OtherComprehensiveIncomeUnrealizedGainLossOnDerivativesArisingDuringPeriodTax,,100000.000,,200000.000,,,,,,,,,,,,,,,,,,,,
PaymentsForProceedsFromOtherInvestingActivities,,-6539000.000,,,,-577000.000,,,,-382000.000,,,,-16000.000,,,,-921000.000,,,,918000.000,,
PaymentsForRepurchaseOfCommonStock,,262639000.000,,,,77953000.000,,,,106977000.000,,,,61439000.000,,,,221598000.000,,,,18870000.000,,
PaymentsOfFinancingCosts,,,,,,,,,,,,,,,,,,,,,,8625000.000,,
PaymentsToAcquireBusinessesNetOfCashAcquired,,870000.000,,,,2130000.000,,,,32216000.000,,,,2328000.000,,,,121434000.000,,,,10991000.000,,
PaymentsToAcquireInvestments,,107145000.000,,,,36970000.000,,,,32941000.000,,,,6981000.000,,,,196020000.000,,,,119729000.000,,
PaymentsToAcquirePropertyPlantAndEquipment,,44421000.000,,,,47438000.000,,,,37462000.000,,,,68050000.000,,,,62631000.000,,,,78580000.000,,
ProceedsFromDivestitureOfBusinesses,,,,,,,,,,,,,,,,,,0.000,,,,,,
ProceedsFromDivestitureOfBusinessesAndInterestsInAffiliates,,,,,,,,,,,,,,,,,,,578257000.000,,,,,
ProceedsFromDivestitureOfBusinessesNetOfCashDivested,,,,,,,,,,,,,,3344000.000,,,,24395000.000,,,,0.000,,
ProceedsFromEquityMethodInvestmentDividendsOrDistributionsReturnOfCapital,,,,,,,,,,,,,,5247000.000,,,,0.000,,,,,,
ProceedsFromIssuanceOfCommercialPaper,,,,,,,,,,,,,,,,,,,,,,163800000.000,,
ProceedsFromIssuanceOfDebt,,,,,,250000000.000,,,,,,,,,,,,,,,,,,
ProceedsFromIssuanceOfLongTermDebt,,,,,,250000000.000,,,,0.000,,,,,,,,0.000,,,,0.000,,
ProceedsFromIssuanceOfSharesUnderIncentiveAndShareBasedCompensationPlansIncludingStockOptions,,,,,,1119000.000,,,,14085000.000,,,,13623000.000,,,,11844000.000,,,,16282000.000,,
ProceedsFromPaymentsForOtherFinancingActivities,,926000.000,,,,-3491000.000,,,,4126000.000,,,,6798000.000,,,,51000.000,,,,385000.000,,
ProceedsFromSaleAndMaturityOfMarketableSecurities,,63561000.000,,,,24720000.000,,,,35233000.000,,,,0.000,,,,152907000.000,,,,109612000.000,,
ProceedsFromSaleOfEquityMethodInvestments,,,,,,,,,,,,,,29933000.000,,,,0.000,,,,,,
ProfitLoss,59070000.000,,,,,,,,,,,,,,,,,,,,,,,
ReclassificationFromAccumulatedOtherComprehensiveIncomeCurrentPeriodNetOfTax,,,,,,,,,,-488000.000,-488000.000,-488000.000,-488000.000,-488000.000,-488000.000,-488000.000,,-488000.000,-6960000.000,-488000.000,,-385000.000,-385000.000,-385000.000
ReclassificationFromAociCurrentPeriodTax,,,,,,,,,,,,,,,,,,,-295000.000,-295000.000,,-230000.000,-230000.000,-230000.000
RepaymentsOfLongTermDebt,,444000.000,,,,225154000.000,,,,167000.000,,,,180000.000,,,,16000.000,,,,250000000.000,,
Revenues,937827000.000,1017180000.000,1019126000.000,1012112000.000,1053582000.000,1051325000.000,1060386000.000,1075674000.000,1129086000.000,1120343000.000,1143753000.000,1130237000.000,1157479000.000,1102077000.000,1123379000.000,1108847000.000,1142583000.000,1198890000.000,1219080000.000,1216083000.000,1271405000.000,1294130000.000,1296923000.000,1281135000.000
SalesRevenueNet,937827000.000,1017180000.000,1019126000.000,1012112000.000,1053582000.000,1051325000.000,1060386000.000,1075674000.000,1129086000.000,1120343000.000,1143753000.000,1130237000.000,1157479000.000,1102077000.000,1123379000.000,1108847000.000,1142583000.000,1198890000.000,1219080000.000,1216083000.000,1271405000.000,1294130000.000,1296923000.000,1281135000.000
SellingGeneralAndAdministrativeExpense,283045000.000,310466000.000,297112000.000,288367000.000,303036000.000,306581000.000,293013000.000,308918000.000,313344000.000,325910000.000,323947000.000,328963000.000,323932000.000,314458000.000,300249000.000,301690000.000,308533000.000,338637000.000,327051000.000,331656000.000,350778000.000,374026000.000,365222000.000,362385000.000
ShareBasedCompensation,,4522000.000,,,,5448000.000,,,,6984000.000,,,,12280000.000,,,,23917000.000,,,,20779000.000,,
StockRepurchasedDuringPeriodShares,,,,,,,,,,2100000.000,1100000.000,0.000,3465000.000,,,,,,,,,,,
StockRepurchasedDuringPeriodValue,,,,,,,,,,100800000.000,56900000.000,,,,,,,,,,,,,
TreasuryStockAcquiredAverageCostPerShare,,,,,,,,,,,,,,,,78.840,,85.650,85.530,84.150,,,,
TreasuryStockSharesAcquired,,,,,,,,,,,,,,,,3200000.000,,2400000.000,2109000.000,1188000.000,,,,
TreasuryStockValueAcquiredCostMethod,,,,,,,,,,,,,,,,250800000.000,,202500000.000,180390000.000,99997000.000,297264000.000,,,
UndistributedEarnings,,,3530000.000,76035000.000,,,-1717000.000,74705000.000,,,-8458000.000,84602000.000,,,,,,,,,,,,
UndistributedEarningsAllocatedToParticipatingSecurities,,370000.000,21000.000,556000.000,933000.000,365000.000,-8000.000,517000.000,1022000.000,460000.000,-59000.000,685000.000,2366000.000,,,,,,,,,,,
UndistributedEarningsDiluted,,,3530000.000,76035000.000,,,-1717000.000,74705000.000,,,-8458000.000,84602000.000,,,,,,,,,,,,
UnrecognizedTaxBenefitsDecreasesResultingFromPriorPeriodTaxPositions,,,300000.000,,,,,,,,,,,,,,,,,,,,,
UnrecognizedTaxBenefitsIncreasesResultingFromCurrentPeriodTaxPositions,,200000.000,,100000.000,,400000.000,,,,,,,,,,,,,,,,,,
UnrecognizedTaxBenefitsInterestOnIncomeTaxesExpense,,1200000.000,500000.000,600000.000,4800000.000,-100000.000,-1200000.000,100000.000,300000.000,-100000.000,-100000.000,200000.000,-400000.000,100000.000,100000.000,100000.000,-100000.000,100000.000,100000.000,,,200000.000,-400000.000,100000.000
UnrecognizedTaxBenefitsPeriodIncreaseDecrease,,,,,,,-32500000.000,2200000.000,,200000.000,400000.000,-200000.000,-600000.000,500000.000,500000.000,400000.000,0.000,500000.000,600000.000,-400000.000,100000.000,-100000.000,-1800000.000,400000.000
WeightedAverageNumberOfDilutedSharesOutstanding,,131338000.000,129740000.000,129945000.000,-260990000.000,126458000.000,124609000.000,123757000.000,-250293000.000,122892000.000,121050000.000,121280000.000,-243582000.000,118030000.000,118655000.000,117867000.000,-237009000.000,112229000.000,110113000.000,109463000.000,-221849000.000,107114000.000,107647000.000,107892000.000
WeightedAverageNumberOfSharesOutstandingBasic,,131309000.000,129727000.000,129735000.000,-260880000.000,126110000.000,124185000.000,123120000.000,-249459000.000,122130000.000,119907000.000,119913000.000,-241573000.000,116659000.000,117115000.000,116178000.000,-234052000.000,110597000.000,108301000.000,107843000.000,-218520000.000,104483000.000,104957000.000,105093000.000
