,2011-09-30,2011-12-31,2012-03-31,2012-09-30,2012-12-31,2013-03-31,2013-06-30,2013-09-30,2014-03-31,2014-06-30,2014-09-30,2014-12-31,2015-03-31,2015-06-30,2015-09-30,2015-12-31,2016-03-31,2016-06-30,2016-09-30,2016-12-31,2017-03-31
AcquisitionCosts,,,,,,,,,180455.000,,68725.000,,,,1950.000,,,52325.000,,,
AdjustmentForAmortization,,,,,,,,,8393.000,,,,97979.000,,,,38493.000,,,,57888.000
AmortizationOfDebtDiscountPremium,,,,,,,,,,,,,,,,,38493.000,,,,
AntidilutiveSecuritiesExcludedFromComputationOfEarningsPerShareAmount,,,,,,4555000.000,,,4555000.000,4422728.000,4454743.000,-13255683.000,3739943.000,,,,,,,,
BusinessCombinationAcquisitionRelatedCosts,,,,,,,,,,,68725.000,,,,,,,,,,
BusinessCombinationBargainPurchaseGainRecognizedAmount,,,,,,,,,-3000000.000,,,,,,,,,,,,
CashAndCashEquivalentsPeriodIncreaseDecrease,125962.000,,,195206.000,,,,,1097578.000,,,,897990.000,,,,209496.000,,,,-144067.000
CasinoExpenses,1302210.000,1339173.000,1288857.000,1266425.000,1255771.000,1248291.000,-1003407.000,,,,,,,,,,,,,,
CasinoRevenue,1365875.000,1267712.000,1332590.000,1376067.000,1228994.000,1246663.000,-463529.000,,,,,,,,,,,,,,
Depreciation,,,,,,,,,71081.000,97423.000,177146.000,278661.000,304711.000,306014.000,338355.000,166620.000,582267.000,313193.000,287389.000,287389.000,294638.000
DepreciationAndAmortization,,,,,,,,48584.000,,,,,,,,,,,,,
DepreciationDepletionAndAmortization,85924.000,,,185834.000,,,,,,,,,,,,,,,,,
DividendsPreferredStock,,,,,,,,,,,,,,,,,,,,,7500.000
EarningsPerShareBasic,-0.010,-0.060,-0.030,,,,,,0.130,-0.010,-0.010,-0.040,-0.010,-0.010,-0.030,-0.100,-0.050,0.020,0.010,-0.030,-0.020
EarningsPerShareBasicAndDiluted,,,,-0.020,-0.040,-0.030,-0.170,,,,,,,,,,,,,,
EarningsPerShareDiluted,-0.010,-0.060,-0.030,,,,,,0.120,-0.010,-0.010,-0.040,-0.010,-0.010,-0.030,-0.100,-0.050,0.020,0.010,-0.030,-0.020
EffectiveIncomeTaxRateReconciliationAtFederalStatutoryIncomeTaxRate,,,,,,,,,0.340,0.340,0.340,-0.680,0.340,0.340,0.340,-0.680,,,,,
EffectiveIncomeTaxRateReconciliationChangeInDeferredTaxAssetsValuationAllowance,,,,,,,,,-0.340,-0.340,-0.340,0.680,-0.340,-0.340,-0.340,0.680,,,,,
EmployeeBenefitsAndShareBasedCompensation,,,,,,,,,,,,,154165.000,,,,150000.000,,,,150001.000
ExtinguishmentOfDebtAmount,,,,,,,,50000.000,,,,,,,,,,,,,
FairValueAdjustmentOfWarrants,,,,,,,,,,,,,,,,,,,,,16894.000
FinancingReceivableAllowanceForCreditLossesEffectOfChangeInMethod,,,,,,,,350000.000,,,,,,,,,,,,,
GainLossOnDispositionOfAssets,5679.000,,,,,,,,,,,,,,,,,,,,
GainLossOnSaleOfNotesReceivable,,,,,,,,,,,,,155000.000,,,,,,,,
GainLossOnSaleOfPropertyPlantEquipment,-5679.000,,,,-2369.000,,,,-381395.000,,,,,,,,,980839.000,,,
GainsLossesOnExtinguishmentOfDebt,,,,,,,,,,,,,,,,,,,-1163458.000,,
GeneralAndAdministrativeExpense,64788.000,210511.000,52453.000,46078.000,133746.000,23632.000,178344.000,28353.000,118262.000,274336.000,188196.000,228562.000,444366.000,316102.000,276478.000,247202.000,482008.000,399577.000,734891.000,174945.000,365527.000
ImpairmentOfOngoingProject,,,,,,,,,,,,,,,,,,,,,400.000
IncomeLossFromContinuingOperationsBeforeIncomeTaxesExtraordinaryItemsNoncontrollingInterest,-74431.000,-420071.000,-208163.000,-128576.000,-251952.000,-215391.000,-1211037.000,,,,,,,,,,,,,,
IncomeLossFromContinuingOperationsIncludingPortionAttributableToNoncontrollingInterest,,,,,,,,9173.000,,,,,,,,,,,,,
IncomeLossFromContinuingOperationsPerBasicAndDilutedShare,,,,,,,,-0.010,,,,,,,,,,,,,
IncomeTaxesPaid,,,,,,,,,,,,,,,,,0.000,,,,
IncreaseDecreaseInAccountsPayableAndAccruedLiabilities,-15528.000,,,74787.000,,,,,-400667.000,,,,30528.000,,,,114352.000,,,,111858.000
IncreaseDecreaseInOperatingLiabilities,33824.000,,,-5555.000,,,,,,,,,,,,,,,,,
IncreaseDecreaseInOtherCurrentAssets,-30559.000,,,-7126.000,,,,,,,,,,,,,,,,,
IncreaseDecreaseInOtherOperatingCapitalNet,,,,,,,,,-5666.000,,,,-59701.000,,,,13050.000,,,,4671.000
IncreaseDecreaseInRestrictedCash,,,,,,,,,-3503158.000,,,,,,,,,,,,
IncreaseDecreaseInSecurityDeposits,,,,,,,,,28000.000,,,,-55000.000,,,,-9000.000,,,,250000.000
InterestExpense,-26109.000,92474.000,133678.000,129106.000,128363.000,123504.000,121726.000,118522.000,-190415.000,-126031.000,-199998.000,-452169.000,-684314.000,-654697.000,-735843.000,-734418.000,-721595.000,-645919.000,-603511.000,-613835.000,-624414.000
InterestIncomeOther,,,,,,,,,,,-52250.000,,-39072.000,-24092.000,-19660.000,692.000,-32149.000,,,,
InterestPaid,24718.000,,,24197.000,,,,,147029.000,,,,723067.000,,,,523155.000,,,,499182.000
InterestPaidCapitalized,,,,,,,,,,,,,,,,,0.000,,,,
LeaseAndRentalExpense,,,,72622.000,72622.000,58822.000,,,,,,,,,,,,,,,
NetCashProvidedByUsedInFinancingActivities,-40271.000,,,-52220.000,,,,,4478794.000,,,,-103580.000,,,,-237969.000,,,,-920.000
NetCashProvidedByUsedInFinancingActivitiesContinuingOperations,-40271.000,,,-52220.000,,,,,4478794.000,,,,-103580.000,,,,-237969.000,,,,-920.000
NetCashProvidedByUsedInInvestingActivities,,,,-18037.000,,,,,806735.000,,,,725526.000,,,,573428.000,,,,-41308.000
NetCashProvidedByUsedInInvestingActivitiesContinuingOperations,,,,-18037.000,,,,,806735.000,,,,725526.000,,,,573428.000,,,,-41308.000
NetCashProvidedByUsedInOperatingActivities,166233.000,,,265463.000,,,,,-4187951.000,,,,276044.000,,,,-125963.000,,,,-101839.000
NetCashProvidedByUsedInOperatingActivitiesContinuingOperations,166233.000,,,265463.000,,,,,-4187951.000,,,,276044.000,,,,-125963.000,,,,-101839.000
NetIncomeLoss,-74431.000,-420071.000,-208163.000,-128576.000,-251952.000,-215391.000,-1211037.000,,2297573.000,-217481.000,-162139.000,-560806.000,-232303.000,-114513.000,-722355.000,-2265469.000,-1075343.000,423217.000,355827.000,-855315.000,-561921.000
NetIncomeLossAttributableToNoncontrollingInterest,,,,,,,,,5902.000,-16019.000,-11848.000,-67975.000,-14986.000,-24151.000,11963.000,72675.000,39929.000,33433.000,42005.000,25493.000,22050.000
NetIncomeLossAvailableToCommonStockholdersBasic,-88742.000,-434382.000,-222319.000,-142887.000,-266263.000,-229391.000,-1225193.000,-46286.000,2281792.000,-224981.000,-174200.000,-568368.000,-239803.000,-121890.000,-729916.000,-2273031.000,-1082843.000,415717.000,348327.000,-862815.000,-569421.000
NonoperatingIncomeExpense,,,,,,,,,-2428190.000,126031.000,147748.000,,645242.000,630605.000,716183.000,96938.000,694442.000,483199.000,-528837.000,585993.000,496525.000
OperatingExpenses,1372677.000,1549684.000,1341310.000,1312503.000,1387148.000,1271923.000,-822694.000,76937.000,369798.000,371759.000,434067.000,1330566.000,749077.000,622116.000,996783.000,2383622.000,1142086.000,-134175.000,1065535.000,844073.000,871263.000
OperatingIncomeLoss,-48322.000,-327597.000,-74485.000,530.000,-219256.000,-91887.000,299189.000,63063.000,-136519.000,-60006.000,19533.000,-475389.000,374237.000,540243.000,-18135.000,-2241206.000,-420830.000,872983.000,-215015.000,-294815.000,-87446.000
OtherCostAndExpenseOperating,,,,,,,,,,,,,,,,,77811.000,81569.000,43255.000,381739.000,211098.000
PaymentsForCapitalImprovements,,,,,,,,,,,,,264904.000,,,,,,,,
PaymentsForLoans,7359.000,,,8293.000,,,,,,,,,,,,,,,,,
PaymentsOfDebtIssuanceCosts,,,,,,,,,,,,,,,,,,,,,159012.000
PaymentsOfDistributionsToAffiliates,,,,,,,,,,,,,116377.000,,,,,,,,
PaymentsOfDividendsPreferredStockAndPreferenceStock,14156.000,,,14156.000,,,,,15781.000,,,,,,,,7500.000,,,,7500.000
PaymentsOfLoanCosts,,,,,,,,,398810.000,,,,,,,,,,,,
PaymentsOfStockIssuanceCosts,,,,,,,,,285501.000,,,,,,,,,,,,
PaymentsToAcquireEquityMethodInvestments,,,,,,,,,,,,,,,,,,,,,41308.000
PaymentsToAcquirePropertyPlantAndEquipment,,,,18037.000,,,,,1964998.000,,,,,,,,,,,,
PreferredStockDividendsAndOtherAdjustments,-14311.000,-14311.000,-14156.000,-14311.000,-14311.000,-14000.000,-14156.000,0.080,-15781.000,-7500.000,-12061.000,-7562.000,-7500.000,7377.000,7561.000,22562.000,7500.000,7500.000,7500.000,7500.000,7500.000
ProceedsFromCollectionOfNotesReceivable,,,,,,,,,7733.000,,,,566397.000,,,,,,,,
ProceedsFromIssuanceOfDebt,,,,,,,,,,,,,,,,,,,,,125000.000
ProceedsFromIssuanceOfLongTermDebt,,,,,,,,,7121860.000,,,,,,,,,,,,
ProceedsFromIssuanceOfMandatoryRedeemableCapitalSecurities,,,,,,,,,3190717.000,,,,,,,,,,,,
ProceedsFromOtherDebt,,,,,,,,,,,,,2303815.000,,,,,,,,125000.000
ProceedsFromRelatedPartyDebt,,,,,,,,500000.000,,,,,,,,,,,,,
ProceedsFromSaleOfNotesReceivable,,,,,,,,,-650000.000,,,,,,,,,,,,
ProceedsFromSaleOfPropertyPlantAndEquipment,,,,,,,,,3414000.000,,,,,,,,,,,,
ProfitLoss,,,,,,,,2485883.000,2291671.000,-201462.000,-150191.000,-492931.000,-217317.000,-90362.000,-734318.000,-2338144.000,-1115272.000,389784.000,313822.000,-880808.000,-583971.000
PromotionalAllowances,41520.000,45625.000,65765.000,63034.000,61102.000,66627.000,59976.000,,,,,,,,,,,,,,
PropertyManagementFeeRevenue,,,,,,,,,,,,,,1162359.000,978648.000,,721256.000,738808.000,850520.000,549258.000,783817.000
ProvisionForLoanLeaseAndOtherLosses,,,,,,,,,,,,,,,380000.000,,,,,,
RentalIncomeNonoperating,,,,,,,,,233279.000,311753.000,453600.000,855177.000,1123314.000,,,,,,,,
RepaymentOfNotesReceivableFromRelatedParties,,,,,,,,,,,,,,,,,573428.000,,,,
RepaymentsOfConvertibleDebt,,,,,,,,,40000.000,,,,,,,,,,,,
RepaymentsOfDebt,,,,,95667.000,,,,,,,,,,,,217969.000,,,,
RepaymentsOfLongTermDebt,18756.000,,,29771.000,,,,,4891084.000,,,,,,,,,,,,
RepaymentsOfOtherDebt,,,,,,,,,,,,,2437955.000,,,,217969.000,,,,159012.000
Revenues,1324355.000,1222087.000,1266825.000,1313033.000,1167892.000,1180036.000,-523505.000,140000.000,,,,,,,,,,,,,
SalesRevenueNet,1324355.000,1222087.000,1266825.000,1313033.000,1167892.000,1180036.000,-523505.000,140000.000,,,,,,,,,,,,,
ShareBasedCompensation,,,,,,,,,,47348.000,47348.000,,,,,,,,,,
ShareBasedCompensationArrangementByShareBasedPaymentAwardCompensationCost,,,,0.000,0.000,0.000,0.000,,,,,,,,,,,,,,
ShareBasedCompensationArrangementByShareBasedPaymentAwardOptionsForfeituresAndExpirationsInPeriod,,,,0.000,,,,,,,,,,,,,,,,,
ShareBasedCompensationArrangementByShareBasedPaymentAwardOptionsGrantsInPeriod,,,,0.000,,,,,,,,,,,,,,,,,
StockIssuedDuringPeriodSharesIssuedForServices,,,,,,,,10365553.000,,,,,,,,,35000.000,,,,
StockIssuedDuringPeriodSharesShareBasedCompensation,,,,,,,,,,44668.000,44668.000,,,,,,,,,,
StockIssuedDuringPeriodSharesStockOptionsExercised,,,,0.000,,,,,,,,,,,,,,,,,
StockIssuedDuringPeriodValueConversionOfConvertibleSecurities,,,,,,,,,153432.000,,,,,,,,,,,,
StockIssuedDuringPeriodValueOther,,,,,,,,,2905216.000,,,,,,,,,,,,
StockIssuedDuringPeriodValuePurchaseOfAssets,,,,,,,,,112500.000,,,,,,,,,,,,
StockIssuedDuringPeriodValueRestrictedStockAwardGross,,,,,,,,,,,,,,,,,,,,,257011.000
StockholdersEquityPeriodIncreaseDecrease,,,,,,,,-60597.000,,,,,,,,,,,,,
StraightLineRent,,,,,,,,27000.000,,,,,,,,,,,,,
StraightLineRentAdjustments,,,,,,,,3000.000,,,,,,,,,,,,,
WeightedAverageNumberOfDilutedSharesOutstanding,6798488.000,6798488.000,6826444.000,,,,,7281629.000,19828856.000,19720478.000,19960494.000,-37507792.000,21804843.000,22018906.000,22259569.000,-44086409.000,22529899.000,23138228.000,23377972.000,-45692712.000,25287721.000
WeightedAverageNumberOfSharesOutstandingBasic,6798488.000,6798488.000,6826444.000,,,,,,17003171.000,19720478.000,19960494.000,-37227553.000,21804843.000,22018906.000,22259569.000,-44086409.000,22529899.000,22529899.000,23802472.000,-45508883.000,25287721.000
