,2011-03-31,2011-09-30,2011-12-31,2012-03-31,2012-06-30,2012-09-30,2012-12-31,2013-03-31,2013-06-30,2013-09-30,2013-12-31,2014-03-31,2014-06-30,2014-09-30,2014-12-31,2015-03-31,2015-06-30,2015-09-30,2015-12-31,2016-03-31,2016-06-30,2016-09-30,2016-12-31,2017-03-31
AdjustmentForAmortization,,2318000.000,2726000.000,2800000.000,3041000.000,,,,,1649000.000,1612000.000,1594000.000,1564000.000,5270000.000,500000.000,1200000.000,-1422000.000,1348000.000,,,,3439000.000,,
AdvertisingExpense,,70700000.000,62200000.000,70600000.000,70700000.000,68200000.000,61600000.000,69200000.000,62000000.000,73000000.000,67800000.000,63800000.000,54400000.000,66200000.000,65600000.000,67900000.000,64500000.000,59300000.000,56300000.000,57300000.000,54300000.000,57600000.000,46500000.000,56200000.000
AllocatedShareBasedCompensationExpense,,,,,,,,,,5816000.000,,3812000.000,,5522000.000,4009000.000,3904000.000,4005000.000,6238000.000,3974000.000,3777000.000,8379000.000,5750000.000,3583000.000,3959000.000
AllocatedShareBasedCompensationExpenseNetOfTax,,3371000.000,2646000.000,2697000.000,3818000.000,3862000.000,1806000.000,2439000.000,2244000.000,3870000.000,2652000.000,2499000.000,2612000.000,3481000.000,2600000.000,2501000.000,2551000.000,4034000.000,2460000.000,2338000.000,4972000.000,3678000.000,2332000.000,2576000.000
AmortizationOfAcquiredIntangibleAssets,,,,,,2300000.000,2400000.000,2400000.000,,,,,,,,,,,,,,,,
AmortizationOfIntangibleAssets,,2318000.000,2726000.000,2800000.000,3696000.000,2442000.000,,,,1649000.000,1612000.000,1594000.000,2223000.000,764000.000,528000.000,1242000.000,1555000.000,1172000.000,1378000.000,1412000.000,1485000.000,3300000.000,2432000.000,2792000.000
AntidilutiveSecuritiesExcludedFromComputationOfEarningsPerShareAmount,,937000.000,1186000.000,1180000.000,-1695000.000,2498000.000,3000000.000,2100000.000,-5521000.000,2169000.000,2298000.000,2091000.000,-4541000.000,901000.000,624000.000,617000.000,-953000.000,2644000.000,2861000.000,2828000.000,-5530000.000,2755000.000,2643000.000,1670000.000
AssetImpairmentCharges,,,75039000.000,,,,,0.000,,,,,,,,,,,99473000.000,0.000,,,0.000,0.000
AvailableForSaleSecuritiesGrossRealizedGainLossNet,,0.000,,,,,,,,,,,,,,,,,,,,,,
AvailableForSaleSecuritiesIncomeTaxExpenseOnChangeInUnrealizedHoldingGainOrLoss,,200000.000,,,,,,,,,,,,,,,,,,,,,,
CapitalizedComputerSoftwareAdditions,,,,,,,,,,,,500000.000,,300000.000,300000.000,300000.000,400000.000,400000.000,,,,,,
CashAndCashEquivalentsPeriodIncreaseDecrease,,-124227000.000,,,,73489000.000,,,,111400000.000,,,,114920000.000,,,,83431000.000,,,,-119147000.000,,
CashProvidedByUsedInInvestingActivitiesDiscontinuedOperations,,,,,,,,,,0.000,,,,,,,,,,,,,,
CashProvidedByUsedInOperatingActivitiesDiscontinuedOperations,,,,,,,,,,-1277000.000,,,,0.000,,,,,,,,,,
CommonStockDividendsPerShareDeclared,0.000,,0.150,,,,0.170,0.000,,,0.170,0.000,,,,0.000,,,0.180,0.000,,,0.180,0.000
ComprehensiveIncomeNetOfTax,,47100000.000,8000000.000,65800000.000,-953000.000,32299000.000,49940000.000,57922000.000,-42533000.000,-7681000.000,40440000.000,61513000.000,42146000.000,3816000.000,30791000.000,13760000.000,32121000.000,-38604000.000,-61411000.000,92888000.000,37868000.000,18541000.000,12837000.000,53386000.000
ComprehensiveIncomeNetOfTaxAttributableToNoncontrollingInterest,,,,,,-79000.000,717000.000,526000.000,-89000.000,-80000.000,-60000.000,219000.000,568000.000,-602000.000,-40000.000,-1304000.000,437000.000,-1050000.000,-112000.000,901000.000,1411000.000,-148000.000,313000.000,451000.000
ComprehensiveIncomeNetOfTaxIncludingPortionAttributableToNoncontrollingInterest,,,,,,32378000.000,49223000.000,57396000.000,-42444000.000,-7601000.000,40500000.000,61294000.000,41578000.000,4418000.000,30751000.000,12456000.000,31354000.000,-39654000.000,-61523000.000,93789000.000,39279000.000,18393000.000,13150000.000,53837000.000
ConcentrationRiskPercentage1,,,,,,,,,,0.050,,0.050,,0.050,,0.050,,,,,,,,
CostOfGoodsAndServicesSold,232914000.000,238248000.000,241212000.000,244195000.000,251987000.000,242545000.000,243401000.000,241020000.000,235257000.000,241737000.000,242997000.000,242631000.000,256071000.000,246331000.000,250809000.000,253186000.000,249729000.000,245077000.000,241021000.000,252867000.000,247813000.000,250673000.000,239787000.000,239244000.000
CostsAndExpenses,425503000.000,439173000.000,510293000.000,445353000.000,490725000.000,436946000.000,439339000.000,435149000.000,486013000.000,440642000.000,432707000.000,426580000.000,442174000.000,437401000.000,435910000.000,440380000.000,439342000.000,433166000.000,512580000.000,413374000.000,496560000.000,416785000.000,451504000.000,404796000.000
CustomerRefundableFeesRefundPayments,,,,,,,,,,,,,,8500000.000,9500000.000,10400000.000,13900000.000,11100000.000,12000000.000,11500000.000,,,,
DeferredIncomeTaxExpenseBenefit,,9256000.000,,,,5792000.000,,,,-1122000.000,,,,-2640000.000,,,,-16000.000,,,,3328000.000,,
Depreciation,,17513000.000,19446000.000,19553000.000,20637000.000,20490000.000,21729000.000,21498000.000,19394000.000,19980000.000,20739000.000,20822000.000,21198000.000,20448000.000,19300000.000,20765000.000,24495000.000,19677000.000,19693000.000,19979000.000,20051000.000,17476000.000,18091000.000,18361000.000
DiscontinuedOperationGainLossFromDisposalOfDiscontinuedOperationBeforeIncomeTax,,,,,,,,,,,372000.000,,,,,,,,,,,,,
DiscontinuedOperationGainLossOnDisposalOfDiscontinuedOperationNetOfTax,,,,,,,,,,,-1387000.000,-934000.000,,,,,,,,,,,,
DiscontinuedOperationIncomeLossFromDiscontinuedOperationBeforeIncomeTax,,,,,,,,,,-16324000.000,-1387000.000,-934000.000,-157000.000,0.000,0.000,1011000.000,0.000,,,0.000,,,,
DiscontinuedOperationTaxEffectOfDiscontinuedOperation,,,,,,,,,,-996000.000,-467000.000,-327000.000,-55000.000,0.000,0.000,-4565000.000,0.000,,,0.000,,,,
DisposalGroupIncludingDiscontinuedOperationOperatingIncomeLoss,,,,,,,,,,-2847000.000,-1084000.000,-904000.000,-157000.000,,0.000,1011000.000,,,,,,,,
EarningsPerShareBasic,1.340,0.840,0.130,1.010,0.130,0.490,0.780,0.890,-0.500,-0.110,0.750,0.860,0.590,0.320,0.660,0.730,0.460,0.080,-0.790,0.810,-0.150,0.400,0.230,0.630
EarningsPerShareDiluted,1.320,0.830,0.130,1.000,0.130,0.490,0.780,0.880,-0.500,-0.110,0.740,0.860,0.580,0.310,0.650,0.720,0.460,0.080,-0.790,0.810,-0.150,0.390,0.230,0.620
EffectOfExchangeRateOnCashAndCashEquivalents,,248000.000,,,,-867000.000,,,,-1334000.000,,,,-1973000.000,,,,3397000.000,,,,695000.000,,
EffectiveIncomeTaxRateContinuingOperations,,0.279,0.460,0.291,-0.721,0.291,0.216,0.220,-0.489,0.173,0.147,0.187,-0.353,0.171,0.125,0.132,-0.307,,,0.127,,0.215,-3.168,0.148
EffectiveIncomeTaxRateReconciliationDispositionOfBusiness,,,,,,,,,,,,,,,,,,0.109,0.130,,,,,
EmployeeServiceShareBasedCompensationNonvestedAwardsTotalCompensationCostNotYetRecognizedPeriodForRecognition,,2.800,,,,,,,,,,,,,,,,,,,,,,
EmployeeServiceShareBasedCompensationTaxBenefitFromCompensationExpense,,-1528000.000,-1309000.000,-1340000.000,10175000.000,1853000.000,848000.000,1281000.000,1160000.000,1946000.000,1392000.000,1313000.000,1401000.000,2041000.000,1409000.000,1403000.000,1454000.000,2204000.000,1514000.000,1439000.000,3407000.000,2072000.000,1251000.000,1383000.000
ExcessTaxBenefitFromShareBasedCompensationFinancingActivities,,313000.000,,,,6000.000,,,,0.000,,,,,,,,,,,,,,
FairValueInputsDiscountRate,,,,,,0.062,,,,,,,,,,,,,,,,,,
FairValueMeasurementWithUnobservableInputsReconciliationLiabilityTransfersIntoLevel3,,,,,,2765000.000,,0.000,,,0.000,2574000.000,,,,,,,,,,,,
FinancingReceivableAllowanceForCreditLossesPeriodIncreaseDecrease,,,,,,,,,,,,,,,,,,,,,,-2854000.000,,
FinancingReceivableAllowanceForCreditLossesRecovery,,,,,,,,,,,,,,269000.000,,,,189000.000,,,,316000.000,,
FinancingReceivableAllowanceForCreditLossesWriteOffs,,,,,,,,,,,,,,1381000.000,,,,1726000.000,,,,2513000.000,,
FiniteLivedIntangibleAssetsAmortizationExpense,,2300000.000,2700000.000,2800000.000,,,,,,,,,,,,,,,,,,,,
FutureAmortizationExpenseYearFive,,924000.000,,,,,,,,,,,,,,,,,,,,,,
FutureAmortizationExpenseYearFour,,1505000.000,,,,,,,,,,,,,,,,,,,,,,
FutureAmortizationExpenseYearOne,,10625000.000,,,,,,,,,,,,,,,,,,,,,,
FutureAmortizationExpenseYearThree,,5391000.000,,,,,,,,,,,,,,,,,,,,,,
FutureAmortizationExpenseYearTwo,,8439000.000,,,,,,,,,,,,,,,,,,,,,,
GainLossOnDispositionOfAssets,,,3695000.000,,,,,0.000,,1918000.000,,,,,,,,,,,,,,
GainLossOnDispositionOfAssets1,,,,,,,,,,,,,,0.000,,,,,,,,,,0.000
GainLossOnInvestments,0.000,,,,,,,,,,,,,,,,,,,,,,,
GainLossOnSaleOfPropertyPlantEquipment,,63000.000,,,,-359000.000,,,,-592000.000,,,,-53000.000,,,,-7952000.000,,,,-418000.000,,
GainLossOnSalesOfAssetsAndAssetImpairmentCharges,,,,,,,,,,13500000.000,,,,,,,,,,,,,,
GainsLossesOnSalesOfAssets,,,,,,,,,,1918000.000,0.000,0.000,0.000,0.000,0.000,0.000,0.000,,,3849000.000,,,,
GoodwillAcquiredDuringPeriod,,,,,,14277000.000,,,,8238000.000,,,,,,,,,,,,274672000.000,,
GoodwillForeignCurrencyTranslationGainLoss,,,,,,,,,,,,,,,,,,,,,,-4010000.000,,
GoodwillImpairmentLoss,,,,,,,,,,0.000,,,,,,,,,,,,,,
GoodwillPurchaseAccountingAdjustments,,,,,,,,,,,,,,,,,,,,,,-4481000.000,,
GoodwillTranslationAndPurchaseAccountingAdjustments,,-4086000.000,,,,603000.000,,,,-480000.000,,,,5659000.000,,,,-19150000.000,,,,,,
ImpairmentOfLeasehold,,,,,,,,,,,,,,200000.000,3000000.000,1100000.000,0.000,7400000.000,4800000.000,,,1300000.000,2800000.000,
ImpairmentOfLongLivedAssetsToBeDisposedOf,,,,,,,,,,,,,,,,,,,,,,,4764000.000,0.000
IncomeLossFromContinuingOperations,,,,,,,,,,8151000.000,49328000.000,56151000.000,38038000.000,20437000.000,42802000.000,41628000.000,29456000.000,,,51925000.000,,,,
IncomeLossFromContinuingOperationsBeforeIncomeTaxesExtraordinaryItemsNoncontrollingInterest,,,,,,,,,,9854000.000,57820000.000,69069000.000,42624000.000,24647000.000,48918000.000,47955000.000,32140000.000,6048000.000,-57984000.000,59466000.000,-24828000.000,32050000.000,3539000.000,46988000.000
IncomeLossFromContinuingOperationsBeforeIncomeTaxesMinorityInterestAndIncomeLossFromEquityMethodInvestments,137314000.000,79527000.000,17196000.000,94914000.000,14501000.000,44860000.000,65376000.000,73262000.000,-18529000.000,9854000.000,57820000.000,69069000.000,42624000.000,24647000.000,48918000.000,47955000.000,32140000.000,,,,,,,
IncomeLossFromContinuingOperationsBeforeInterestExpenseInterestIncomeIncomeTaxesExtraordinaryItemsNoncontrollingInterestsNet,,,,,,,,,,8196000.000,,,,20440000.000,42413000.000,41544000.000,,,,,,33107000.000,4846000.000,47293000.000
IncomeLossFromContinuingOperationsIncludingPortionAttributableToNoncontrollingInterest,,,,,,,,,,,,,,,,,,,,51930000.000,,,,
IncomeLossFromContinuingOperationsPerBasicShare,,,,,,,,,,0.130,0.760,0.870,0.590,0.320,0.660,0.650,0.450,,,0.810,,,,
IncomeLossFromContinuingOperationsPerDilutedShare,,,,,,,,,,0.130,0.750,0.870,0.580,0.310,0.650,0.640,0.460,,,0.810,,,,
IncomeLossFromDiscontinuedOperationsNetOfTax,,,,,,,,,,-15328000.000,-920000.000,-607000.000,-102000.000,0.000,0.000,5576000.000,0.000,,,0.000,,,,
IncomeLossFromDiscontinuedOperationsNetOfTaxAttributableToReportingEntity,,,,,,,,,,-15328000.000,-920000.000,-607000.000,-102000.000,0.000,0.000,5576000.000,0.000,,,0.000,,,,
IncomeLossFromDiscontinuedOperationsNetOfTaxPerBasicShare,,,,,,,,,,-0.240,-0.010,-0.010,0.000,0.000,0.000,0.080,0.010,,,0.000,,,,
IncomeLossFromDiscontinuedOperationsNetOfTaxPerDilutedShare,,,,,,,,,,-0.240,-0.010,-0.010,0.000,0.000,0.000,0.080,0.000,,,0.000,,,,
IncomeTaxExpenseBenefit,44405000.000,22215000.000,7916000.000,27610000.000,6016000.000,13038000.000,14152000.000,16102000.000,-4065000.000,1703000.000,8492000.000,12918000.000,4586000.000,4210000.000,6116000.000,6327000.000,1884000.000,662000.000,-7514000.000,7536000.000,-15226000.000,6901000.000,-11216000.000,6966000.000
IncomeTaxesPaidNet,,3130000.000,,,,616000.000,,,,381000.000,,,,,,,,,,,,,,
IncreaseDecreaseInAccountsPayable,,1145000.000,,,,-991000.000,,,,2666000.000,,,,15925000.000,,,,-3303000.000,,,,-3717000.000,,
IncreaseDecreaseInAccountsReceivable,,58627000.000,,,,93881000.000,,,,60565000.000,,,,61021000.000,,,,76472000.000,,,,45280000.000,,
IncreaseDecreaseInCustomerAdvances,,-3930000.000,,,,136000.000,,,,,,,,,,,,,,,,,,
IncreaseDecreaseInDeferredRevenue,,170518000.000,,,,160279000.000,,,,,,,,,,,,,,,,109348000.000,,
IncreaseDecreaseInEmployeeRelatedLiabilities,,-25110000.000,,,,6431000.000,,,,7984000.000,,,,-20562000.000,,,,-10363000.000,,,,-35995000.000,,
IncreaseDecreaseInOperatingAssets,,270591000.000,27282000.000,75162000.000,42847000.000,56982000.000,23796000.000,31144000.000,32446000.000,50178000.000,11245000.000,14183000.000,34134000.000,21152000.000,37747000.000,142453000.000,12799000.000,22753000.000,199004000.000,13600000.000,27110000.000,,,
IncreaseDecreaseInPrepaidDeferredExpenseAndOtherAssets,,6668000.000,,,,-7044000.000,,,,3163000.000,,,,-9311000.000,,,,-8894000.000,,,,6017000.000,,
IncreaseDecreaseInRestrictedCashForOperatingActivities,,3389000.000,,,,2048000.000,,,,232000.000,,,,3710000.000,,,,-2826000.000,,,,-1388000.000,,
IndefiniteLivedIntangibleAssetsPeriodIncreaseDecrease,,,,,,11600000.000,,,,17300000.000,,,,5200000.000,,,,-14900000.000,,,,38100000.000,,
IndefinitelivedIntangibleAssetsAcquired,,,,,,,,,,17100000.000,,,,,,,,,,,,,,
InterestExpense,,,,,,,,,,,,,,,,,,,,,,2115000.000,2300000.000,1995000.000
InterestExpenseDebt,348000.000,522000.000,481000.000,650000.000,959000.000,1491000.000,759000.000,756000.000,605000.000,1000000.000,1052000.000,1073000.000,507000.000,393000.000,352000.000,2813000.000,1755000.000,2326000.000,1847000.000,1408000.000,,,,
InterestIncomeDepositsWithFinancialInstitutions,,,,,,,,,,,,,,,,,,,,,,1058000.000,993000.000,1690000.000
InterestIncomeExpenseNet,,,,,,,,,,,,,,,,,,,,,,-1057000.000,-1307000.000,-305000.000
InterestPaidNet,,239000.000,,,,263000.000,,,,30000.000,,,,,,,,,,,,,,
InvestmentIncomeInterest,435000.000,184000.000,226000.000,110000.000,298000.000,561000.000,230000.000,415000.000,446000.000,583000.000,310000.000,605000.000,233000.000,397000.000,300000.000,1318000.000,48000.000,127000.000,240000.000,27000.000,,,,
LineOfCreditFacilityCommitmentFeePercentage,,,,,,,,,,,,,,0.001,,,,,,,,,,
LineOfCreditFacilityUnusedCapacityCommitmentFeePercentage,,0.002,,,,0.002,,,,0.002,,,,0.002,,,,0.004,,,,,,
MinorityInterestChangeInRedemptionValue,,,,,,,,,,,,,,,,,,,,,,-66000.000,1335000.000,-283000.000
MinorityInterestPeriodIncreaseDecrease,,593000.000,41000.000,363000.000,-326000.000,562000.000,-674000.000,-223000.000,-1458000.000,5081000.000,-168000.000,195000.000,-248000.000,227000.000,,,,-2775000.000,,,,,,
NetCashProvidedByUsedInFinancingActivities,,-49453000.000,,,,-33983000.000,,,,-616000.000,,,,-3007000.000,,,,-10667000.000,,,,124788000.000,,
NetCashProvidedByUsedInFinancingActivitiesContinuingOperations,,-49453000.000,,,,-33983000.000,,,,-616000.000,,,,-3007000.000,,,,-10667000.000,,,,124788000.000,,
NetCashProvidedByUsedInInvestingActivities,,-261658000.000,,,,-55783000.000,,,,-27870000.000,,,,-21163000.000,,,,-25880000.000,,,,-342398000.000,,
NetCashProvidedByUsedInInvestingActivitiesContinuingOperations,,-261658000.000,,,,-55783000.000,,,,-27870000.000,,,,-21163000.000,,,,-25880000.000,,,,-342398000.000,,
NetCashProvidedByUsedInOperatingActivities,,186636000.000,,,,164122000.000,,,,141220000.000,,,,141063000.000,,,,116581000.000,,,,97768000.000,,
NetCashProvidedByUsedInOperatingActivitiesContinuingOperations,,186636000.000,,,,164122000.000,,,,142497000.000,,,,141063000.000,,,,116581000.000,,,,97768000.000,,
NetIncomeLoss,92900000.000,57484000.000,8865000.000,67131000.000,8085000.000,31989000.000,50286000.000,56821000.000,-32310000.000,-7132000.000,48155000.000,55525000.000,37484000.000,20440000.000,42413000.000,47120000.000,29926000.000,5465000.000,-50587000.000,51925000.000,-9969000.000,25152000.000,14413000.000,39859000.000
NetIncomeLossAttributableToNoncontrollingInterest,9000.000,-172000.000,415000.000,173000.000,400000.000,-167000.000,938000.000,339000.000,944000.000,-45000.000,253000.000,19000.000,452000.000,-3000.000,389000.000,84000.000,330000.000,-79000.000,117000.000,5000.000,367000.000,-3000.000,342000.000,163000.000
OperatingIncomeLoss,137227000.000,79865000.000,13756000.000,95454000.000,15162000.000,45790000.000,65905000.000,73603000.000,-18370000.000,10271000.000,58562000.000,69537000.000,42898000.000,24643000.000,48970000.000,49450000.000,33847000.000,8247000.000,-56377000.000,60847000.000,,,,
OtherComprehensiveIncomeForeignCurrencyTransactionAndTranslationGainLossArisingDuringPeriodNetOfTax,,,,,,,,,,,,,,-16593000.000,-12037000.000,-34779000.000,1706000.000,-44920000.000,-11066000.000,41842000.000,48965000.000,-6830000.000,-1632000.000,13755000.000
OtherComprehensiveIncomeLossNetOfTaxPortionAttributableToNoncontrollingInterest,,1200000.000,,,,,,,,,,,,,,,,,,,,,,
OtherComprehensiveIncomeLossNetOfTaxPortionAttributableToParent,,4500000.000,,,,,,,,,,,,,,,,,,,,,,
OtherComprehensiveIncomeUnrealizedHoldingGainLossOnSecuritiesArisingDuringPeriodNetOfTax,,-153000.000,71000.000,97000.000,-25000.000,67000.000,-5000.000,111000.000,-16000.000,120000.000,62000.000,-13000.000,169000.000,-28000.000,-14000.000,31000.000,-6000.000,-120000.000,13000.000,17000.000,-84000.000,74000.000,27000.000,60000.000
OtherNonoperatingIncomeExpense,,-338000.000,3440000.000,-540000.000,-661000.000,-930000.000,-529000.000,-341000.000,-159000.000,-417000.000,-742000.000,-468000.000,-274000.000,4000.000,-52000.000,-1495000.000,-1707000.000,-2199000.000,-1607000.000,-1381000.000,,,,
OtherRestructuringCosts,,,,,,,,,,1700000.000,,,,1100000.000,10200000.000,,,,,,,,,
OtherSalesRevenueNet,41246000.000,32551000.000,27755000.000,35156000.000,26412000.000,31235000.000,28785000.000,36513000.000,27809000.000,31595000.000,33381000.000,40695000.000,33062000.000,40171000.000,31271000.000,45115000.000,37405000.000,45357000.000,34601000.000,48255000.000,41943000.000,50865000.000,37086000.000,52767000.000
PaymentsForRepurchaseOfCommonStock,,44450000.000,,,,25712000.000,,,,0.000,,,,2485000.000,,,,8255000.000,,,,8255000.000,,
PaymentsForRestructuring,,,,,,3300000.000,,,,,,,,12200000.000,,1100000.000,,,,,,,,
PaymentsOfDividends,,,,,,,,,,,,,,,,,,,11600000.000,,,,,
PaymentsOfDividendsCommonStock,,8285000.000,,,,9794000.000,,,,14000.000,,,,0.000,,,,,,,,,,
PaymentsToAcquireAdditionalInterestInSubsidiaries,,,,,,,,,,,,,,0.000,,,,3114000.000,0.000,0.000,0.000,0.000,0.000,0.000
PaymentsToAcquireBusinessesNetOfCashAcquired,,227828000.000,,,,29538000.000,,,,12343000.000,,,,0.000,,,,,,,,331070000.000,,
PaymentsToAcquireMarketableSecurities,,10000.000,,,,8000.000,,,,9000.000,,,,11000.000,,,,13000.000,,,,10000.000,,
PaymentsToAcquireProductiveAssets,,33820000.000,,,,26237000.000,,,,22180000.000,,,,21152000.000,,,,22753000.000,,,,,,
PaymentsToAcquirePropertyPlantAndEquipment,,,,,,,,,,,,,,,,,,,,,,11318000.000,,
ProceedsFromDivestitureOfBusinesses,,,,,,,,,,6662000.000,,,,0.000,,,,,,,,,,
ProceedsFromLongTermLinesOfCredit,,,,,,,,,,,,,,,,,,,,,,240000000.000,,
ProceedsFromStockOptionsExercised,,2581000.000,,,,1030000.000,,,,1197000.000,,,,3266000.000,,,,240000.000,,,,6350000.000,,
ProceedsFromStockPlans,,388000.000,,,,487000.000,,,,339000.000,,,,309000.000,,,,279000.000,,,,211000.000,,
ProfitLoss,92909000.000,57312000.000,9280000.000,67304000.000,8485000.000,31822000.000,51224000.000,57160000.000,-31366000.000,-7177000.000,48408000.000,55544000.000,37936000.000,20437000.000,42802000.000,47204000.000,30256000.000,5386000.000,-50470000.000,51930000.000,-9602000.000,25149000.000,14755000.000,40022000.000
PropertyPlantAndEquipmentAdditions,,,,,,,,31144000.000,,22180000.000,11245000.000,14183000.000,31747000.000,21152000.000,21909000.000,21240000.000,24406000.000,,18295000.000,9956000.000,,,,
PropertyPlantAndEquipmentGrossPeriodIncreaseDecrease,,,,,,,,31144000.000,,50178000.000,11245000.000,14183000.000,34134000.000,21152000.000,37747000.000,142453000.000,12799000.000,,199004000.000,13600000.000,,,,
ProvisionForDoubtfulAccounts,,21297000.000,,,,20531000.000,,,,17819000.000,,,,20575000.000,,,,20594000.000,,,,22481000.000,,
ProvisionForLoanLeaseAndOtherLosses,,,,,,,,,,,,,,1810000.000,,,,3939000.000,,,,,,
RepaymentsOfLongTermLinesOfCredit,,,,,,,,,,,,,,,,,,,,,,110000000.000,,
RepaymentsOfLongtermLoansFromVendors,,,,,,,,,,2138000.000,,,,4097000.000,,,,2931000.000,,,,,,
RepaymentsOfOtherLongTermDebt,,,,,,,,,,,,,,,,,,,,,,3518000.000,,
RestructuringCharges,,,,,,,9484000.000,2029000.000,,11665000.000,4664000.000,0.000,16386000.000,13317000.000,10188000.000,6982000.000,12426000.000,24073000.000,12923000.000,2873000.000,34356000.000,5047000.000,5050000.000,7771000.000
RestructuringReserveAccrualAdjustment1,,,,,,,,,,,,,,,,,,,,,,11900000.000,,
RestructuringReservePeriodIncreaseDecrease,,,,,,,,,,11000000.000,,,,13100000.000,,,,19700000.000,,,,4100000.000,,
Revenues,562730000.000,519038000.000,524049000.000,540807000.000,505887000.000,482736000.000,505244000.000,508752000.000,467643000.000,100796000.000,122998000.000,116198000.000,125950000.000,112955000.000,133700000.000,124153000.000,473189000.000,441413000.000,456203000.000,474221000.000,471700000.000,449892000.000,456350000.000,452089000.000
RevenuesFromExternalCustomers,,76869000.000,91564000.000,89843000.000,92237000.000,89781000.000,109260000.000,107101000.000,,,,,,,,,,,,,,,,
SalesRevenueNet,562730000.000,519038000.000,524049000.000,540807000.000,505887000.000,482736000.000,505244000.000,508752000.000,467643000.000,450913000.000,491269000.000,496117000.000,485072000.000,462044000.000,484880000.000,489830000.000,473189000.000,441413000.000,456203000.000,474221000.000,471700000.000,449892000.000,456350000.000,452089000.000
SalesRevenueServicesNet,,486487000.000,496294000.000,505651000.000,479475000.000,451501000.000,476459000.000,472239000.000,439834000.000,419318000.000,457888000.000,455422000.000,452010000.000,421873000.000,453609000.000,444715000.000,435784000.000,396056000.000,421602000.000,425966000.000,429757000.000,399027000.000,419264000.000,399322000.000
SellingGeneralAndAdministrativeExpense,192589000.000,200925000.000,194042000.000,201158000.000,212275000.000,194401000.000,186454000.000,192100000.000,183429000.000,189158000.000,185046000.000,183949000.000,169717000.000,177753000.000,174913000.000,180212000.000,175407000.000,164016000.000,159163000.000,161483000.000,169387000.000,161065000.000,145651000.000,157781000.000
SeveranceCosts1,,,,,,,,,,,,,,,,,,5300000.000,500000.000,1900000.000,,,,
ShareBasedCompensation,,4899000.000,,,,5716000.000,,,,5816000.000,,,,5522000.000,,,,6238000.000,,,,5750000.000,,
ShareBasedCompensationArrangementByShareBasedPaymentAwardCompensationCost,,0.000,,,,,,,,,,,,,,,,,,,,,,
ShareBasedCompensationArrangementByShareBasedPaymentAwardEquityInstrumentsOtherThanOptionsForfeitedInPeriod,,,,,,,,,,23986.000,,,,,,,,,,,,,,
ShareBasedCompensationArrangementByShareBasedPaymentAwardEquityInstrumentsOtherThanOptionsForfeituresWeightedAverageGrantDateFairValue,,,,,,,,,,27.890,,,,,,,,,,,,,,
ShareBasedCompensationArrangementByShareBasedPaymentAwardEquityInstrumentsOtherThanOptionsGrantsInPeriod,,,,,,,,,,399860.000,,,,,,,,,,,,,,
ShareBasedCompensationArrangementByShareBasedPaymentAwardEquityInstrumentsOtherThanOptionsGrantsInPeriodWeightedAverageGrantDateFairValue,,,,,,,,,,28.320,,,,,,,,,,,,,,
ShareBasedCompensationArrangementByShareBasedPaymentAwardEquityInstrumentsOtherThanOptionsVestedInPeriod,,,,,,,,,,269543.000,,,,,,,,,,,,,,
ShareBasedCompensationArrangementByShareBasedPaymentAwardEquityInstrumentsOtherThanOptionsVestedInPeriodTotalFairValue,,7400000.000,,,,9200000.000,,,,6300000.000,,,,15400000.000,17500000.000,,,14000000.000,,,,11800000.000,,
ShareBasedCompensationArrangementByShareBasedPaymentAwardEquityInstrumentsOtherThanOptionsVestedInPeriodWeightedAverageGrantDateFairValue,,,,,,,,,,31.070,,,,,,,,,,,,,,
ShareBasedCompensationArrangementByShareBasedPaymentAwardFairValueAssumptionsExpectedDividendRate,,,,,,0.006,,,,0.009,,,,,,,,0.010,,,,0.012,,
ShareBasedCompensationArrangementByShareBasedPaymentAwardFairValueAssumptionsExpectedVolatilityRate,,,,,,0.437,,,,0.438,,,,,,,,0.413,,,,0.424,,
ShareBasedCompensationArrangementByShareBasedPaymentAwardFairValueAssumptionsRiskFreeInterestRate,,,,,,0.010,,,,0.022,,,,,,,,0.018,,,,0.014,,
ShareBasedCompensationArrangementByShareBasedPaymentAwardOptionsExercisableWeightedAverageRemainingContractualTerm,,5.070,,,,,,,,,,,,,,,,,,,,,,
ShareBasedCompensationArrangementByShareBasedPaymentAwardOptionsExercisesInPeriodTotalIntrinsicValue,,1900000.000,,,,300000.000,,,,500000.000,,,,1800000.000,,,,100000.000,,,,1300000.000,,
ShareBasedCompensationArrangementByShareBasedPaymentAwardOptionsExpirationsInPeriod,,,,,,,,,,,,,,4580.000,,,,,,,,,,
ShareBasedCompensationArrangementByShareBasedPaymentAwardOptionsForfeituresAndExpirationsInPeriodWeightedAverageExercisePrice,,,,,,,,,,,,,,30.130,,,,,,,,,,
ShareBasedCompensationArrangementByShareBasedPaymentAwardOptionsForfeituresInPeriod,,19541.000,,,,19178.000,,,,,,,,30398.000,,,,,,,,,,
ShareBasedCompensationArrangementByShareBasedPaymentAwardOptionsGrantsInPeriod,,445300.000,,,,875600.000,,,,,,,,235525.000,,,,,,,,,,
ShareBasedCompensationArrangementsByShareBasedPaymentAwardOptionsExercisesInPeriodWeightedAverageExercisePrice,,,,,,17.470,,,,,,,,27.650,,,,,,,,,,
ShareBasedCompensationArrangementsByShareBasedPaymentAwardOptionsForfeituresInPeriodWeightedAverageExercisePrice,,,,,,40.170,,,,,,,,24.770,,,,,,,,,,
ShareBasedCompensationArrangementsByShareBasedPaymentAwardOptionsGrantsInPeriodWeightedAverageExercisePrice,,,,,,18.600,,,,,,,,43.470,,,,,,,,,,
ShareBasedGoodsAndNonemployeeServicesTransactionCapitalizedCost,,,,,,0.000,,,,,,,,,,,,,,,,,,
StockIssuedDuringPeriodSharesStockOptionsExercised,,73799.000,,,,56798.000,,,,,,,,121337.000,,,,,,,,,,
StockRepurchasedDuringPeriodShares,,,,,,,,,,,,,,57152.000,,,,291536.000,,,,,,
StockRepurchasedDuringPeriodValue,,,,,,,,,,,,,,2500000.000,,,,8300000.000,,,,,,
TreasuryStockSharesAcquired,,6130961.000,,,,,,,,,,,,,,,,,,,,,,
TreasuryStockValueAcquiredCostMethod,,287800000.000,,,,,,,,,,,,,,,,,,,,,,
WeightedAverageNumberDilutedSharesOutstandingAdjustment,,712000.000,554000.000,525000.000,-1262000.000,236000.000,234000.000,303.000,-469986.000,527000.000,523000.000,557000.000,-1606355.000,828.000,829.000,754.000,-1680.000,383.000,402.000,431000.000,-96785.000,477000.000,459000.000,600000.000
WeightedAverageNumberOfDilutedSharesOutstanding,,69467000.000,68076000.000,67225000.000,-137063000.000,65109000.000,64536000.000,64279.000,-129644668.000,64510000.000,64719000.000,64841000.000,-194005147.000,65429.000,65470.000,65265.000,-130887.000,64729.000,64654.000,64353000.000,-111383.000,63896000.000,64028000.000,64266000.000
WeightedAverageNumberOfShareOutstandingBasicAndDiluted,,,,,,64245000.000,63456000.000,63131.000,-127700688.000,63061000.000,63282000.000,63389000.000,-189668681.000,63750.000,63876.000,63773.000,-127627.000,63583.000,63433.000,63107000.000,19984.000,62592000.000,62685000.000,62811000.000
WeightedAverageNumberOfSharesOutstandingBasic,,68755000.000,67522000.000,66700000.000,-135801000.000,64873000.000,64302000.000,63976.000,-129174682.000,63983000.000,64196000.000,64284000.000,-192398792.000,64601.000,64641.000,64511.000,-129207.000,64346.000,64252.000,63922000.000,-14598.000,63419000.000,63569000.000,63666000.000
WeightedAverageNumberOfSharesRestrictedStock,,365000.000,429000.000,446000.000,-816000.000,628000.000,846000.000,845.000,-1473994.000,922000.000,914000.000,895000.000,-2730111.000,851.000,765.000,738.000,-1580.000,763.000,819.000,815000.000,-34582.000,827000.000,884000.000,855000.000
