,2011-03-31,2011-06-30,2011-09-30,2011-12-31,2012-03-31,2012-06-30,2012-09-30,2012-12-31,2013-03-31,2013-06-30,2013-09-30,2013-12-31,2014-03-31,2014-06-30,2014-09-30,2014-12-31,2015-03-31,2015-06-30,2015-09-30,2015-12-31,2016-03-31,2016-06-30,2016-09-30,2016-12-31,2017-03-31
AdjustmentsToAdditionalPaidInCapitalSharebasedCompensationRequisiteServicePeriodRecognitionValue,-1000000.000,,,,,,,,400000.000,,,,1700000.000,,,,1300000.000,,,,1600000.000,,,,1000000.000
AllocatedShareBasedCompensationExpense,,,,,,,,,2700000.000,3500000.000,3400000.000,3700000.000,2900000.000,2100000.000,1800000.000,2400000.000,2500000.000,3900000.000,2800000.000,2300000.000,4400000.000,1600000.000,3800000.000,1400000.000,7300000.000
AmortizationOfFinancingCosts,,,,,,,,,,,,,,,,,400000.000,11600000.000,7700000.000,,,,,,
AntidilutiveSecuritiesExcludedFromComputationOfEarningsPerShareAmount,,,1700000.000,,800000.000,1800000.000,1000000.000,-2600000.000,1400000.000,600000.000,900000.000,-2300000.000,600000.000,600000.000,600000.000,-1200000.000,1400000.000,800000.000,2400000.000,600000.000,7000000.000,6900000.000,1900000.000,-9300000.000,2400000.000
BusinessCombinationAcquisitionRelatedCosts,,,,,,,8300000.000,,,,0.000,,,,,,10400000.000,10500000.000,14500000.000,88000000.000,10200000.000,16300000.000,13100000.000,9200000.000,7000000.000
BusinessCombinationStepAcquisitionEquityInterestInAcquireeRemeasurementGainOrLoss,-181400000.000,,,,0.000,,,,,,,,,,,,,,,,,,,,
CapitalExpendituresIncurredButNotYetPaid,1600000.000,,,,20700000.000,,,,8000000.000,,,,6300000.000,,,,2400000.000,,,,2100000.000,,,,
CashAndCashEquivalentsPeriodIncreaseDecrease,-178200000.000,,,,-84200000.000,,,,-72200000.000,,,,-64900000.000,,,,-60000000.000,,,,-76400000.000,,,,-16000000.000
CashFlowHedgeGainLossToBeReclassifiedWithinTwelveMonths,,,,,1000000.000,,,,1500000.000,,,,1600000.000,,,,3500000.000,,,,2700000.000,,,,
CommonStockDividendsPerShareCashPaid,0.200,,,,0.200,,,,0.200,,,,0.200,,,,0.200,,,,0.200,,,,0.200
CommonStockDividendsPerShareDeclared,0.200,0.200,0.200,0.200,0.200,0.200,0.200,0.200,0.200,0.200,0.200,0.200,0.200,0.200,0.200,0.200,0.200,0.200,0.200,0.200,0.200,0.200,0.200,0.200,0.200
ComprehensiveIncomeNetOfTax,134700000.000,,,,46500000.000,48100000.000,42000000.000,-64100000.000,40700000.000,42300000.000,79100000.000,22700000.000,31100000.000,44400000.000,26100000.000,-73900000.000,16500000.000,47700000.000,7000000.000,-122000000.000,-15600000.000,-10100000.000,30100000.000,-25800000.000,21300000.000
CostOfGoodsAndServicesSold,359200000.000,413700000.000,432700000.000,368300000.000,392900000.000,391400000.000,475800000.000,487900000.000,504400000.000,531100000.000,528500000.000,469700000.000,475400000.000,463600000.000,492300000.000,421900000.000,433200000.000,445500000.000,460000000.000,1148100000.000,1175400000.000,1236900000.000,1284400000.000,1227000000.000,1393700000.000
DeferredIncomeTaxExpenseBenefit,84500000.000,,,,12600000.000,,,,10400000.000,,,,6000000.000,,,,-3100000.000,,,,-14700000.000,,,,9500000.000
DefinedBenefitPlanContributionsByEmployer,,,,,200000.000,,,,200000.000,,,,200000.000,,,,200000.000,,,,500000.000,,,,
DefinedBenefitPlanRecognizedNetGainLossDueToSettlementsAndCurtailments1,,,,,,,,,,,,,,,,,200000.000,,,,,,,,
DefinedContributionPlanCostRecognized,,3800000.000,3500000.000,,3600000.000,4500000.000,4200000.000,-7100000.000,3800000.000,4000000.000,4000000.000,-6600000.000,4100000.000,4300000.000,4200000.000,-6900000.000,4300000.000,4600000.000,4000000.000,-6000000.000,6600000.000,8200000.000,6000000.000,-9600000.000,2700000.000
DefinedContributionPlanEmployerDiscretionaryContributionAmount,,,,,,,,,,,,,,,,,,,,,,,,,6600000.000
DepreciationDepletionAndAmortization,23200000.000,,,,25500000.000,,,,32900000.000,,,,34200000.000,,,,34400000.000,,,,129700000.000,,,,135100000.000
DiscontinuedOperationIncomeLossFromDiscontinuedOperationBeforeIncomeTax,,,,,,,,,,,,,,4600000.000,0.000,,,0.000,0.000,,,,,,
DiscontinuedOperationIncomeLossFromDiscontinuedOperationNetOfTaxPerBasicShare,,,,,,,,,,,,,,0.010,0.000,,,0.000,0.000,,,,,,
DiscontinuedOperationIncomeLossFromDiscontinuedOperationNetOfTaxPerDilutedShare,,,,,,,,,,,,,,0.010,0.000,,,0.000,0.000,,,,,,
DiscontinuedOperationTaxEffectOfDiscontinuedOperation,,,,,,,,,,,,,,3900000.000,0.000,,,0.000,0.000,,,,,,
DividendsCommonStockCash,-15900000.000,,,,-16000000.000,,,,16000000.000,,,,15900000.000,,,,15500000.000,,,,33000000.000,,,,33100000.000
EarningsPerShareBasic,1.680,0.530,0.590,0.220,0.480,0.590,0.360,0.440,0.500,0.540,0.870,0.330,0.370,0.470,0.330,0.170,0.170,0.550,0.080,-0.810,-0.230,-0.010,0.110,0.110,0.080
EarningsPerShareDiluted,1.660,0.520,0.580,0.230,0.480,0.590,0.350,0.430,0.500,0.540,0.860,0.310,0.370,0.470,0.330,0.160,0.170,0.540,0.080,-0.800,-0.230,-0.010,0.110,0.110,0.080
EffectOfExchangeRateOnCashAndCashEquivalents,,,,,,,,,,,,,,,,,,,,,500000.000,,,,300000.000
EffectOnFutureEarningsAmount,,,,,30000000.000,,,,30000000.000,,,,,,,,,,,,,,,,
EffectiveIncomeTaxRateContinuingOperations,,0.339,0.320,,0.360,0.248,0.385,-0.657,0.365,0.303,0.251,-0.633,0.388,0.332,0.352,-0.717,0.332,0.336,0.366,0.175,0.316,0.958,0.178,-0.566,0.251
EffectiveIncomeTaxRateReconciliationAtFederalStatutoryIncomeTaxRate,,0.350,0.350,,0.350,0.350,0.350,-0.700,0.350,0.350,0.350,-0.700,0.350,0.350,0.350,-0.700,0.350,0.350,0.350,-0.700,0.350,0.350,0.350,-0.700,0.350
EffectiveIncomeTaxRateReconciliationChangeInDeferredTaxAssetsValuationAllowance,,0.000,0.000,,,-0.014,0.007,,,-0.055,0.012,,0.042,0.000,0.010,-0.041,0.010,0.013,0.014,0.242,0.001,-0.010,0.010,-0.008,0.000
EffectiveIncomeTaxRateReconciliationChangeInEnactedTaxRate,,,,,,,,,,,,,,,,,,,,,,0.000,-0.020,,
EffectiveIncomeTaxRateReconciliationDeductionsEmployeeStockOwnershipPlanDividends,,-0.005,-0.004,,-0.004,-0.004,-0.005,0.009,-0.004,-0.003,-0.004,0.008,-0.003,-0.004,-0.006,0.018,-0.006,-0.006,-0.006,-0.093,-0.006,0.034,0.008,-0.008,0.004
EffectiveIncomeTaxRateReconciliationDeductionsOther,,,-0.016,,-0.010,-0.016,0.003,0.013,-0.011,-0.011,-0.009,0.015,-0.021,-0.023,-0.017,0.079,-0.030,-0.012,-0.026,0.068,0.000,0.000,0.000,0.000,
EffectiveIncomeTaxRateReconciliationForeignIncomeTaxRateDifferential,,-0.001,-0.001,,-0.001,-0.001,-0.001,0.002,-0.001,-0.001,-0.001,0.002,-0.001,-0.002,-0.002,0.003,-0.001,-0.002,0.003,-1.298,-0.038,0.140,-0.041,-0.312,-0.031
EffectiveIncomeTaxRateReconciliationOtherAdjustments,,0.003,-0.001,,0.005,-0.006,-0.007,0.010,0.002,0.002,-0.003,-0.001,0.000,0.001,-0.005,0.005,0.003,-0.003,0.001,0.088,0.003,-0.021,0.021,-0.071,0.009
EffectiveIncomeTaxRateReconciliationPriorYearIncomeTaxes,,,0.020,,,0.002,0.007,,,0.000,-0.001,,,-0.020,-0.003,,,-0.016,0.002,,,0.189,-0.035,,0.058
EffectiveIncomeTaxRateReconciliationRepatriationOfForeignEarnings,,,,,,,0.016,,,,0.000,,,,,,,,,,,,,,
EffectiveIncomeTaxRateReconciliationStateAndLocalIncomeTaxes,,0.023,0.024,,0.014,0.002,0.015,-0.018,0.029,0.023,0.021,-0.050,0.024,0.020,0.017,-0.037,0.006,0.008,0.023,-0.419,-0.014,0.218,0.028,-0.152,0.005
EffectiveIncomeTaxRateReconciliationTaxContingencies,,,-0.052,,,0.017,0.001,,,-0.002,-0.095,,,0.000,0.008,,,,0.005,,0.016,-0.206,0.006,0.087,0.011
EnvironmentalRemediationExpense,,-1100000.000,4000000.000,,2900000.000,300000.000,3600000.000,1600000.000,1800000.000,2400000.000,2000000.000,5300000.000,3500000.000,1200000.000,1600000.000,3300000.000,700000.000,5100000.000,7300000.000,2600000.000,2700000.000,2400000.000,400000.000,3700000.000,2600000.000
ExcessTaxBenefitFromShareBasedCompensationFinancingActivities,,,,,400000.000,,,,900000.000,,,,500000.000,,,,300000.000,,,,0.000,,,,
FairValueAssetsMeasuredOnRecurringBasisChangeInUnrealizedGainLoss,,,,,,,,,,,,,0.000,,,,,,,,,,,,
FairValueAssetsMeasuredOnRecurringBasisChangeInUnrealizedGainLossIncludedInOtherIncome,,,,,-2600000.000,,,,2200000.000,,,,,,,,,,,,,,,,
FairValueMeasurementWithUnobservableInputsReconciliationLiabilityTransfersIntoLevel3,,,,,,,,,,,,,,,,,,,,,,,,,0.000
FairValueMeasurementWithUnobservableInputsReconciliationLiabilityTransfersOutOfLevel3,,,,,,,,,,,,,,,,,,,,,,,,,0.000
FairValueMeasurementWithUnobservableInputsReconciliationRecurringBasisAssetPurchasesSalesIssuancesSettlements,,,,,18500000.000,,,,23200000.000,,,,26700000.000,,,,0.000,,,,,,,,
FairValueMeasurementWithUnobservableInputsReconciliationRecurringBasisAssetTransfersIntoLevel3,,,,,,,,,,,,,,,,,,,,,,,,,0.000
FairValueMeasurementWithUnobservableInputsReconciliationRecurringBasisAssetTransfersOutOfLevel3,,,,,,,,,,,,,,,,,,,,,,,,,0.000
FinancingReceivableAllowanceForCreditLossesProvisions,,,600000.000,,400000.000,600000.000,-400000.000,100000.000,,,,,,,,,,,,,,,,,
FinancingReceivableAllowanceForCreditLossesRecoveries,,,,,0.000,,,,,,,,,,,,,,,,,,,,
FinancingReceivableAllowanceForCreditLossesWriteOffs,,,,,,,,,100000.000,,,,0.000,,,,100000.000,,,,1500000.000,,,,0.000
GainLossOnCashFlowHedgeIneffectivenessNet,,,,,,,,,,,,,,,,,0.000,0.000,0.000,0.000,0.000,0.000,0.000,0.000,0.000
GainLossOnSaleOfPropertyPlantEquipment,-1000000.000,,,,100000.000,,,,100000.000,,,,-200000.000,,,,-300000.000,,,,-200000.000,,,,-300000.000
GoodwillPurchaseAccountingAdjustments,,,,,,,,,,,,,,,,,,,,,-28800000.000,,,,
GoodwillTranslationAdjustments,,,,,,,,,,,,,,,,,,,,,800000.000,,,,1000000.000
IncomeLossFromContinuingOperations,,,,,,,,,,,,,,36600000.000,26100000.000,,,42300000.000,5900000.000,,,,,,
IncomeLossFromContinuingOperationsBeforeIncomeTaxesExtraordinaryItemsNoncontrollingInterest,,63700000.000,69400000.000,,60500000.000,63300000.000,46700000.000,54700000.000,63800000.000,62700000.000,93000000.000,30500000.000,48200000.000,54800000.000,40300000.000,19400000.000,19600000.000,63700000.000,9300000.000,-85900000.000,-55400000.000,-23600000.000,21300000.000,23500000.000,17900000.000
IncomeLossFromContinuingOperationsPerBasicShare,,,,,,,,,,,,,,0.460,0.330,,,0.550,0.080,,,,,,
IncomeLossFromContinuingOperationsPerDilutedShare,,,,,,,,,,,,,,0.460,0.330,,,0.540,0.080,,,,,,
IncomeLossFromDiscontinuedOperationsNetOfTax,,,,,,,,,,,,,,700000.000,0.000,,,0.000,0.000,,,,,,
IncomeLossFromEquityMethodInvestments,7000000.000,700000.000,800000.000,1100000.000,200000.000,600000.000,1200000.000,1000000.000,600000.000,800000.000,1000000.000,400000.000,400000.000,500000.000,500000.000,300000.000,400000.000,400000.000,500000.000,400000.000,200000.000,400000.000,500000.000,600000.000,500000.000
IncomeTaxExpenseBenefit,86100000.000,21600000.000,22200000.000,7800000.000,21800000.000,15700000.000,18000000.000,20100000.000,23300000.000,19000000.000,23300000.000,5800000.000,18700000.000,18200000.000,14200000.000,6600000.000,6500000.000,21400000.000,3400000.000,-23200000.000,-17500000.000,-22600000.000,3800000.000,6000000.000,4500000.000
IncomeTaxReconciliationChangeInDeferredTaxAssetsValuationAllowance,,,,,,800000.000,,,,-3800000.000,,,,,,,,,,,,,,,
IncomeTaxReconciliationDeductionsOther,,,,,,,,,,,,,,,,,,,,,,,,,1500000.000
IncomeTaxReconciliationNondeductibleExpenseShareBasedCompensationCost,,,,,,,,,,,,,,,,,,,,,,,,,-0.084
IncomeTaxReconciliationPriorYearIncomeTaxes,,,1400000.000,,,,,,,,,,,1100000.000,,,,1000000.000,100000.000,,,5000000.000,,,1000000.000
IncomeTaxReconciliationRepatriationOfForeignEarnings,,,,,,,700000.000,,,,,,,,,,,,,,,,,,
IncomeTaxReconciliationTaxContingencies,,,,,,1100000.000,100000.000,,,,,,,,,,,,,,,4900000.000,,,
IncomeTaxesPaidNet,1300000.000,,,,7100000.000,,,,7400000.000,,,,13800000.000,,,,1600000.000,,,,3600000.000,,,,100000.000
IncreaseDecreaseInAccountsPayableAndAccruedLiabilities,3400000.000,,,,-16200000.000,,,,-20900000.000,,,,-13200000.000,,,,-6300000.000,,,,-99700000.000,,,,56300000.000
IncreaseDecreaseInIncomeTaxesReceivable,200000.000,,,,-1200000.000,,,,-4300000.000,,,,1600000.000,,,,-7400000.000,,,,-5600000.000,,,,-100000.000
IncreaseDecreaseInInventories,-20100000.000,,,,9400000.000,,,,-1800000.000,,,,1100000.000,,,,6000000.000,,,,-6300000.000,,,,23800000.000
IncreaseDecreaseInOtherNoncurrentLiabilities,,,,,,,,,1900000.000,,,,-4800000.000,,,,2400000.000,,,,-300000.000,,,,4600000.000
IncreaseDecreaseInOtherOperatingAssets,-600000.000,,,,-1500000.000,,,,-600000.000,,,,-1700000.000,,,,-1300000.000,,,,-2100000.000,,,,-3100000.000
IncreaseDecreaseInOtherOperatingCapitalNet,-2300000.000,,,,300000.000,,,,-600000.000,,,,0.000,,,,-300000.000,,,,3100000.000,,,,-4800000.000
IncreaseDecreaseInOtherOperatingLiabilities,500000.000,,,,2500000.000,,,,,,,,,,,,,,,,,,,,
IncreaseDecreaseInPrepaidExpense,-2100000.000,,,,3900000.000,,,,2900000.000,,,,1100000.000,,,,7100000.000,,,,-6500000.000,,,,17500000.000
IncreaseDecreaseInReceivables,-52600000.000,,,,42800000.000,,,,65700000.000,,,,50900000.000,,,,40700000.000,,,,16800000.000,,,,80200000.000
IncreaseDecreaseInRestrictedCash,-2900000.000,,,,-17600000.000,,,,-1200000.000,,,,-600000.000,,,,0.000,,,,,,,,
InsuranceRecoveries,,,,,,,,,,,,,,,,,,52200000.000,,,11000000.000,,,,
InterestExpense,7200000.000,7400000.000,7900000.000,7900000.000,6500000.000,5800000.000,6000000.000,8100000.000,9100000.000,9700000.000,9900000.000,9900000.000,9700000.000,9600000.000,17700000.000,6800000.000,7100000.000,18200000.000,14400000.000,57300000.000,48500000.000,47600000.000,47500000.000,48300000.000,52400000.000
InterestPaidNet,7500000.000,,,,7500000.000,,,,12600000.000,,,,12700000.000,,,,6600000.000,,,,17300000.000,,,,29700000.000
InvestmentIncomeInterest,200000.000,300000.000,200000.000,500000.000,200000.000,300000.000,200000.000,300000.000,100000.000,100000.000,100000.000,300000.000,300000.000,400000.000,200000.000,400000.000,300000.000,300000.000,300000.000,200000.000,300000.000,500000.000,500000.000,2100000.000,200000.000
NetCashProvidedByUsedInFinancingActivities,-15600000.000,,,,-31800000.000,,,,-44000000.000,,,,-41400000.000,,,,-28500000.000,,,,-50100000.000,,,,-33200000.000
NetCashProvidedByUsedInFinancingActivitiesContinuingOperations,-15600000.000,,,,-31800000.000,,,,-44000000.000,,,,-41400000.000,,,,-28500000.000,,,,-50100000.000,,,,-33200000.000
NetCashProvidedByUsedInInvestingActivities,135600000.000,,,,-56800000.000,,,,-27000000.000,,,,-16600000.000,,,,-21900000.000,,,,-73800000.000,,,,-83000000.000
NetCashProvidedByUsedInInvestingActivitiesContinuingOperations,135600000.000,,,,-56800000.000,,,,-27000000.000,,,,-16600000.000,,,,-21900000.000,,,,-73800000.000,,,,-83000000.000
NetCashProvidedByUsedInOperatingActivities,-27000000.000,,,,4400000.000,,,,-1200000.000,,,,-6900000.000,,,,-9600000.000,,,,47000000.000,,,,99900000.000
NetCashProvidedByUsedInOperatingActivitiesContinuingOperations,-27000000.000,,,,4400000.000,,,,-1200000.000,,,,-6900000.000,,,,-9600000.000,,,,47000000.000,,,,99900000.000
NetIncomeLoss,133700000.000,42100000.000,47200000.000,18700000.000,38700000.000,47600000.000,28700000.000,34600000.000,40500000.000,43700000.000,69700000.000,24700000.000,29500000.000,37300000.000,26100000.000,12800000.000,13100000.000,42300000.000,5900000.000,-62700000.000,-37900000.000,-1000000.000,17500000.000,17500000.000,13400000.000
OperatingIncomeLoss,38600000.000,70700000.000,77900000.000,36700000.000,69200000.000,70300000.000,53500000.000,65900000.000,74400000.000,73700000.000,103700000.000,34700000.000,57200000.000,63400000.000,57300000.000,25500000.000,26000000.000,81200000.000,22900000.000,-29400000.000,-7400000.000,23100000.000,67800000.000,69100000.000,69600000.000
OtherComprehensiveIncomeAmortizationOfDefinedBenefitPlanNetPriorServiceCostRecognizedInNetPeriodicPensionCostNetOfTax,2800000.000,,,,3200000.000,4300000.000,3300000.000,3700000.000,,,,,,,,,,,,,,,,,
OtherComprehensiveIncomeDefinedBenefitPlansAdjustmentNetOfTaxPeriodIncreaseDecrease,,,,,3200000.000,4300000.000,3300000.000,3700000.000,,,,,,,,,,,,,,,,,
OtherComprehensiveIncomeDefinedBenefitPlansNetUnamortizedGainLossArisingDuringPeriodNetOfTax,,,,,0.000,0.000,0.000,-101900000.000,0.000,0.000,0.000,-7700000.000,0.000,0.000,0.000,-86600000.000,,,,,,,3100000.000,,
OtherComprehensiveIncomeDefinedBenefitPlansTax,,,,,2000000.000,2600000.000,2200000.000,49200000.000,,,,,,,,,,,,,,,,,
OtherComprehensiveIncomeDerivativesQualifyingAsHedgesNetOfTaxPeriodIncreaseDecrease,-3100000.000,,,,4300000.000,-3000000.000,9200000.000,-500000.000,,,,,,,,,,,,,,,,,
OtherComprehensiveIncomeForeignCurrencyTransactionAndTranslationAdjustmentNetOfTaxPeriodIncreaseDecrease,1300000.000,,,,,,,,,,,,,,,,,,,,,,,,
OtherComprehensiveIncomeForeignCurrencyTransactionAndTranslationGainLossArisingDuringPeriodNetOfTax,,,,,,-800000.000,800000.000,,100000.000,-2300000.000,400000.000,-800000.000,700000.000,300000.000,-1500000.000,-1300000.000,-1400000.000,300000.000,-1700000.000,-7000000.000,15500000.000,-10800000.000,4600000.000,-21300000.000,6000000.000
OtherComprehensiveIncomeForeignCurrencyTransactionAndTranslationGainLossBeforeReclassificationAndTax,,,,,300000.000,,,,,,,,,,,,-1400000.000,300000.000,-1700000.000,-12900000.000,24000000.000,-14300000.000,6600000.000,-38700000.000,8300000.000
OtherComprehensiveIncomeLossAmortizationAdjustmentFromAOCIPensionAndOtherPostretirementBenefitPlansForNetPriorServiceCostCreditNetOfTax,,,,,,,,,,,,,4000000.000,4000000.000,3500000.000,4000000.000,5100000.000,5300000.000,4900000.000,26600000.000,3800000.000,3500000.000,2300000.000,2700000.000,3900000.000
OtherComprehensiveIncomeLossAmortizationPensionAndOtherPostretirementBenefitPlansNetPriorServiceCostRecognizedInNetPeriodicPensionCostNetOfTax,,,,,,,,,-5200000.000,-5200000.000,-4900000.000,,,,,,,,,,,,,,
OtherComprehensiveIncomeLossDerivativesQualifyingAsHedgesNetOfTax,,,,,,,,,-5100000.000,-4300000.000,4100000.000,1500000.000,-3100000.000,2800000.000,-2000000.000,-2800000.000,-300000.000,-200000.000,-2100000.000,-100000.000,3000000.000,-1800000.000,2600000.000,15900000.000,-2000000.000
OtherComprehensiveIncomeLossDerivativesQualifyingAsHedgesTax,,,,,,,,,,,,,,,,,-200000.000,-200000.000,-1300000.000,200000.000,1800000.000,-1100000.000,1600000.000,10100000.000,-1200000.000
OtherComprehensiveIncomeLossForeignCurrencyTransactionAndTranslationAdjustmentNetOfTax,,,,,,,,,,,,,,,,,-1400000.000,,,,15500000.000,,,,6000000.000
OtherComprehensiveIncomeLossForeignCurrencyTransactionAndTranslationReclassificationAdjustmentFromAOCIRealizedUponSaleOrLiquidationBeforeTax,,,,,,,,,,,,,,,,,,,,,0.000,0.000,0.000,0.000,0.000
OtherComprehensiveIncomeLossForeignCurrencyTranslationAdjustmentTax,,,,,,,,,,,,,,,,,,,,,-8500000.000,3500000.000,-2000000.000,-3400000.000,-2300000.000
OtherComprehensiveIncomeLossNetOfTax,,,,,,,,,,,,,,,,,3400000.000,,,,22300000.000,,,,7900000.000
OtherComprehensiveIncomeLossNetOfTaxPortionAttributableToParent,,,,,7800000.000,500000.000,13300000.000,-98700000.000,200000.000,-1400000.000,9400000.000,-2000000.000,1600000.000,7100000.000,0.000,-86700000.000,3400000.000,5400000.000,1100000.000,-59300000.000,22300000.000,-9100000.000,12600000.000,-43300000.000,7900000.000
OtherComprehensiveIncomeLossPensionAndOtherPostretirementBenefitPlansAdjustmentBeforeReclassificationAdjustmentsAndTax,,,,,,,,,,,,,,,,,0.000,0.000,0.000,125300000.000,0.000,0.000,-5100000.000,66100000.000,0.000
OtherComprehensiveIncomeLossPensionAndOtherPostretirementBenefitPlansAdjustmentNetOfTax,,,,,,,,,5200000.000,-5200000.000,4900000.000,-25200000.000,-4000000.000,-4000000.000,-3500000.000,82600000.000,-5100000.000,,,,-3800000.000,,,,-3900000.000
OtherComprehensiveIncomeLossPensionAndOtherPostretirementBenefitPlansTax,,,,,,,,,3300000.000,3200000.000,3200000.000,-17900000.000,-2500000.000,-2800000.000,-2000000.000,52700000.000,-3500000.000,-3100000.000,-3100000.000,32500000.000,-2300000.000,-2400000.000,-3000000.000,23100000.000,-2700000.000
OtherComprehensiveIncomeLossReclassificationAdjustmentFromAOCIOnDerivativesBeforeTax,,,,,,,,,,,,,,,,,-1900000.000,-1800000.000,-3000000.000,-3000000.000,-3700000.000,-1700000.000,0.000,-400000.000,100000.000
OtherComprehensiveIncomeLossReclassificationAdjustmentFromAOCIOnDerivativesNetOfTax,,,,,,,,,,,,,-400000.000,1300000.000,0.000,,,,,,,,,,
OtherComprehensiveIncomeLossReclassificationAdjustmentFromAOCIPensionAndOtherPostretirementBenefitPlansBeforeTax,,,,,,,,,,,,,,,,,8600000.000,8400000.000,8000000.000,40600000.000,6100000.000,5900000.000,3300000.000,5100000.000,6600000.000
OtherComprehensiveIncomeLossReclassificationAdjustmentOnDerivativesIncludedInNetIncomeNetOfTax,,,,,,,,,-1000000.000,0.000,-1100000.000,,,,,,,,,,,,,,
OtherComprehensiveIncomeLossTax,,,,,,,,,,,,,,,,,3300000.000,2900000.000,1800000.000,-38200000.000,12600000.000,-2200000.000,6600000.000,-30400000.000,3800000.000
OtherComprehensiveIncomeReclassificationAdjustmentOnDerivativesIncludedInNetIncomeNetOfTax,,,,,1700000.000,1100000.000,1400000.000,-200000.000,,,,,,,,,,,,,,,,,
OtherComprehensiveIncomeUnrealizedGainLossOnDerivativesArisingDuringPeriodBeforeTax,,,,,,,,,,,,,,,,,-2400000.000,-2200000.000,-6400000.000,-2900000.000,1100000.000,-4600000.000,4200000.000,25600000.000,-3100000.000
OtherComprehensiveIncomeUnrealizedGainLossOnDerivativesArisingDuringPeriodNetOfTax,,,,,2600000.000,-4100000.000,7800000.000,-300000.000,-4100000.000,-4300000.000,3000000.000,700000.000,-3500000.000,4100000.000,-2000000.000,,,,,,,,,,
OtherComprehensiveIncomeUnrealizedGainLossOnDerivativesArisingDuringPeriodTax,,,,,2600000.000,-1700000.000,5800000.000,-13100000.000,-3400000.000,-2600000.000,2600000.000,900000.000,-2000000.000,1800000.000,-1300000.000,,,,,,,,,,
OtherNonoperatingIncomeExpense,181200000.000,-600000.000,-1600000.000,-3900000.000,-2600000.000,-2100000.000,-2200000.000,-4400000.000,-2200000.000,-2200000.000,-1900000.000,5000000.000,0.000,100000.000,0.000,0.000,,,,,,,,,
OtherOperatingIncome,,200000.000,4300000.000,,500000.000,,,,,,,,,,,,,,,,,,,,
OtherOperatingIncomeExpenseNet,,,,,,-100000.000,1100000.000,,200000.000,1500000.000,-400000.000,,-100000.000,900000.000,0.000,,-200000.000,42400000.000,-100000.000,,10900000.000,-200000.000,-200000.000,100000.000,-400000.000
PaymentOfFinancingAndStockIssuanceCosts,,,,,,,,,,,,,,,,,,,,,0.000,,,,11200000.000
PaymentsForProceedsFromOtherInvestingActivities,-1300000.000,,,,-300000.000,,,,-100000.000,,,,-700000.000,,,,1400000.000,,,,0.000,,,,
PaymentsForRepurchaseOfCommonStock,,,,,1200000.000,,,,4600000.000,,,,14700000.000,,,,0.000,,,,,,,,
PaymentsOfDebtIssuanceCosts,,,,,,,,,,,,,,,,,14300000.000,,,,,,,,
PaymentsOfDividends,15900000.000,,,,16000000.000,,,,16000000.000,,,,15900000.000,,,,15500000.000,,,,33000000.000,,,,33100000.000
PaymentsOfMergerRelatedCostsFinancingActivities,,,,,15300000.000,,,,17100000.000,,,,14800000.000,,,,0.000,,,,,,,,
PaymentsToAcquireBusinessesNetOfCashAcquired,123400000.000,,,,0.000,,,,,,,,,,,,,,,,,,,,
PaymentsToAcquirePropertyPlantAndEquipment,25600000.000,,,,75900000.000,,,,30200000.000,,,,18600000.000,,,,23300000.000,,,,76100000.000,,,,83000000.000
PensionContributions,-200000.000,,,,200000.000,,,,200000.000,,,,200000.000,,,,200000.000,,,,500000.000,,,,100000.000
ProceedsFromContributionsFromAffiliates,,,,,0.000,,,,100000.000,,,,0.000,,,,,,,,,,,,
ProceedsFromIssuanceOfCommonStock,0.000,,,,,,,,,,,,,,,,,,,,,,,,
ProceedsFromIssuanceOfLongTermDebt,,,,,,,,,,,,,,,,,,,,,,,,,1875000000.000
ProceedsFromSaleAndCollectionOfReceivables,,,,,,,,,,,,,,,,,,,,,,,209900000.000,,389600000.000
ProceedsFromSaleOfEquityMethodInvestments,,,,,,,,,,,,,,,,,2200000.000,,,,2200000.000,,,,0.000
ProceedsFromSaleOfPropertyPlantAndEquipment,1800000.000,,,,200000.000,,,,1800000.000,,,,700000.000,,,,600000.000,,,,100000.000,,,,0.000
ProceedsFromStockOptionsExercised,300000.000,,,,300000.000,,,,4200000.000,,,,3600000.000,,,,2000000.000,,,,0.000,,,,8800000.000
ProvisionForLoanLeaseAndOtherLosses,,,,,,,,,500000.000,-100000.000,-200000.000,-200000.000,300000.000,400000.000,-200000.000,-300000.000,200000.000,-400000.000,-200000.000,5600000.000,1400000.000,800000.000,1400000.000,900000.000,1400000.000
RepaymentsOfLongTermDebt,,,,,,,,,11400000.000,,,,100000.000,,,,1000000.000,,,,17100000.000,,,,1872700000.000
RestructuringAndRelatedCostIncurredCost,,,,,-1700000.000,,,,2500000.000,,,,1400000.000,,,,3300000.000,,,,79200000.000,,,,6500000.000
RestructuringCharges,100000.000,2400000.000,4100000.000,4100000.000,1900000.000,1800000.000,2300000.000,2500000.000,2300000.000,200000.000,1600000.000,1400000.000,1000000.000,2300000.000,1200000.000,11200000.000,1200000.000,700000.000,300000.000,500000.000,92800000.000,8200000.000,5200000.000,6700000.000,8200000.000
RestructuringCostsAndAssetImpairmentCharges,,,,,,,,,,,,,,,,,,,,,76600000.000,,,,0.000
RestructuringReserveTranslationAdjustment,,,,,,,,,,,,,,,,,-700000.000,,,,200000.000,,,,
Revenues,436000000.000,529300000.000,554500000.000,445800000.000,507700000.000,508700000.000,581200000.000,587600000.000,630000000.000,652200000.000,670700000.000,562100000.000,577400000.000,570400000.000,593600000.000,499800000.000,518000000.000,535400000.000,533600000.000,1267400000.000,1348200000.000,1364000000.000,1452700000.000,1385700000.000,1567100000.000
RevenuesFromTransactionsWithOtherOperatingSegmentsOfSameEntity,,,,,,,4800000.000,,-17300000.000,-26300000.000,-18500000.000,,,,,,,,,,,,,,
SaleLeasebackTransactionGrossProceeds,,,,,1000000.000,,,,0.000,,,,,,,,,,,,,,,,
SalesRevenueNet,436000000.000,529100000.000,550200000.000,445800000.000,507200000.000,508700000.000,581200000.000,587600000.000,630000000.000,652200000.000,670700000.000,562100000.000,577400000.000,570400000.000,593600000.000,499800000.000,518000000.000,535400000.000,533600000.000,1267400000.000,1348200000.000,1364000000.000,1452700000.000,1385700000.000,1567100000.000
SellingGeneralAndAdministrativeExpense,39500000.000,42500000.000,39800000.000,39600000.000,43700000.000,45100000.000,42400000.000,37400000.000,49100000.000,48700000.000,36500000.000,55700000.000,43700000.000,42000000.000,42800000.000,41900000.000,47000000.000,39900000.000,35800000.000,63800000.000,88100000.000,79300000.000,82000000.000,73800000.000,88200000.000
ShareBasedCompensation,1400000.000,,,,1400000.000,,,,2100000.000,,,,2100000.000,,,,1800000.000,,,,2200000.000,,,,1500000.000
ShareBasedCompensationArrangementByShareBasedPaymentAwardCompensationCost,,2700000.000,1900000.000,,1900000.000,1900000.000,2200000.000,2400000.000,,,,,,,,,,,,,,,,,
ShareBasedCompensationArrangementByShareBasedPaymentAwardFairValueAssumptionsExpectedDividendRate,,,,,0.036,,,,0.034,,,,0.031,,,,0.029,,,,0.061,,,,0.027
ShareBasedCompensationArrangementByShareBasedPaymentAwardFairValueAssumptionsExpectedTerm,,,,,7.000,,,,,,,,,,,,,,,,,,,,
ShareBasedCompensationArrangementByShareBasedPaymentAwardFairValueAssumptionsExpectedVolatilityRate,,,,,0.430,,,,0.430,,,,0.420,,,,0.340,,,,0.320,,,,0.340
ShareBasedCompensationArrangementByShareBasedPaymentAwardFairValueAssumptionsRiskFreeInterestRate,,,,,0.014,,,,0.013,,,,0.021,,,,0.017,,,,0.013,,,,0.021
ShareBasedCompensationArrangementByShareBasedPaymentAwardOptionsGrantsInPeriod,,,,,480250.000,,,,621000000000.000,,,,589000000000.000,,,,776750.000,,,,1670400.000,,,,1572000.000
ShareBasedCompensationArrangementByShareBasedPaymentAwardOptionsGrantsInPeriodWeightedAverageGrantDateFairValue,,,,,6.550,,,,7.050,,,,8.300,,,,6.800,,,,1.900,,,,7.780
ShareBasedCompensationArrangementsByShareBasedPaymentAwardOptionsExercisesInPeriodWeightedAverageExercisePrice,,,,,,,,,23.280,,,,,,,,,,,,,,,,
ShareBasedCompensationArrangementsByShareBasedPaymentAwardOptionsGrantsInPeriodWeightedAverageExercisePrice,,,,,,,,,,,,,25.570,,,,27.400,,,,13.140,,,,29.750
SiteContingencyRecoveryFromThirdPartyOfEnvironmentalRemediationCost,,9000000.000,,,,,,,,,,,,,,,,,,,,,,,
StockIssuedDuringPeriodSharesStockOptionsExercised,0.000,,,,0.000,,,,300000.000,,,,200000.000,,,,100000.000,,,,,,,,500000.000
StockIssuedDuringPeriodValueNewIssues,1500000.000,,,,900000.000,,,,1000000.000,,,,,,,,,,,,,,,,
StockIssuedDuringPeriodValueRestrictedStockAwardNetOfForfeitures,,,,,,,,,,,,,-1000000.000,,,,-200000.000,,,,1000000.000,,,,600000.000
StockIssuedDuringPeriodValueStockOptionsExercised,300000.000,,,,300000.000,,,,4700000.000,,,,5300000.000,,,,2800000.000,,,,,,,,8800000.000
StockRepurchasedAndRetiredDuringPeriodShares,,,,,100000.000,,,,200000.000,,,,600000.000,,,,,,,,0.000,,,,0.000
StockRepurchasedAndRetiredDuringPeriodValue,,,,,-1200000.000,,,,4600000.000,,,,14700000.000,,,,0.000,,,,0.000,,,,0.000
UnrecognizedTaxBenefitsDecreasesResultingFromPriorPeriodTaxPositions,,,,,,,,,,,,,,,,,,,,,-1600000.000,,,,700000.000
UnrecognizedTaxBenefitsDecreasesResultingFromSettlementsWithTaxingAuthorities,,,,,,,,,,,,,200000.000,,,,0.000,,,,,,,,
UnrecognizedTaxBenefitsIncreasesResultingFromCurrentPeriodTaxPositions,,,,,,,,,0.000,,,,,,,,,,,,,,,,700000.000
UnrecognizedTaxBenefitsIncreasesResultingFromPriorPeriodTaxPositions,,,,,100000.000,,,,,,,,,,,,,,,,,,,,4900000.000
UnrecognizedTaxBenefitsReductionsResultingFromLapseOfApplicableStatuteOfLimitations,,,,,,,,,,,8800000.000,,,,,,,,,,,,,,
ValuationAllowanceDeferredTaxAssetChangeInAmount,,,,,,,,,,,,,1600000.000,-1600000.000,,,,,,,,,,,
ValuationAllowancesAndReservesChargedToCostAndExpense,,-200000.000,,,,,,,,,,,,,,,,,,,,,,,
WeightedAverageNumberDilutedSharesOutstandingAdjustment,,1.100,600000.000,,800000.000,600000.000,900000.000,,1000000.000,1000000.000,1000000.000,,1300000.000,1200000.000,1100000.000,-2500000.000,1100000.000,1200000.000,700000.000,-3000000.000,0.000,0.000,1300000.000,-1300000.000,2300000.000
WeightedAverageNumberOfDilutedSharesOutstanding,80.400,81.100,80800000.000,-161.500,80900000.000,80700000.000,81000000.000,-161600000.000,81200000.000,81200000.000,80800000.000,-162300000.000,80500000.000,80000000.000,79500000.000,-160300000.000,78500000.000,78700000.000,78300000.000,-132100000.000,165100000.000,165200000.000,166500000.000,-331600000.000,167900000.000
WeightedAverageNumberOfSharesIssuedBasic,,80.000,80200000.000,,80100000.000,,,,,,,,,,,,,,,,,,,,
WeightedAverageNumberOfSharesOutstandingBasic,79.600,80.000,80200000.000,-200159.600,80100000.000,80100000.000,80100000.000,-160200000.000,80200000.000,80200000.000,79800000.000,-160300000.000,79200000.000,78800000.000,78400000.000,-157800000.000,77400000.000,77500000.000,77600000.000,-129100000.000,165100000.000,165200000.000,165200000.000,-330300000.000,165600000.000
