,2011-06-30,2011-09-30,2012-03-31,2012-06-30,2012-09-30,2012-12-31,2013-03-31,2013-06-30,2013-09-30,2013-12-31,2014-03-31,2014-06-30,2014-09-30,2014-12-31,2015-03-31,2015-06-30,2015-09-30,2015-12-31,2016-03-31,2016-06-30,2016-09-30,2016-12-31,2017-03-31
AmortizationOfIntangibleAssets,45000.000,18000.000,,37000.000,39000.000,,,31000.000,30000.000,,28000.000,46000.000,46000.000,46000.000,45000.000,44000.000,44000.000,43000.000,43000.000,43000.000,43000.000,36000.000,42000.000
AntidilutiveSecuritiesExcludedFromComputationOfEarningsPerShareAmount,,,,,,,,,,,,676000.000,636000.000,,573000.000,559000.000,553000.000,-1098000.000,379000.000,16000.000,0.000,-287000.000,611000.000
AssetImpairmentCharges,,,,,,,,,,,,,,,,,,,,,,,0.000
AvailableForSaleSecuritiesGrossRealizedGainLossNet,,,,,,,-23000.000,,,,,,,,,,,,0.000,0.000,,,
AvailableforsaleSecuritiesGrossRealizedGainLossExcludingOtherThanTemporaryImpairments,,,,,,,-23000.000,,,,,,0.000,,,,,,,,,,
AvailableforsaleSecuritiesGrossUnrealizedGainLoss1,,,,,,,,,,,37000.000,,,,,,,,,,,,
BusinessAcquisitionsProFormaNetIncomeLoss,,,,,,,,,,,-628000.000,-291000.000,-448000.000,75000.000,-781000.000,-761000.000,-514000.000,,,,,,
BusinessAcquisitionsProFormaRevenue,,,,,,,,,,,11215000.000,13263000.000,11657000.000,11769000.000,9545000.000,10254000.000,9937000.000,,,,,,
CashAndCashEquivalentsPeriodIncreaseDecrease,,,-3851000.000,,,,-1867000.000,,,,732000.000,,,,-1719000.000,,,,729000.000,,,,-2714000.000
ComprehensiveIncomeNetOfTax,,,559000.000,85000.000,-112000.000,-6474000.000,-2341000.000,-1572000.000,-503000.000,-2135000.000,-677000.000,-165000.000,-850000.000,-526000.000,-1194000.000,-324000.000,-1155000.000,146000.000,2677000.000,1978000.000,1020000.000,5656000.000,-11000.000
CostOfRevenue,9352000.000,9621000.000,6045000.000,7474000.000,6477000.000,3469000.000,3774000.000,5243000.000,4720000.000,4921000.000,5267000.000,7396000.000,6361000.000,6274000.000,4984000.000,5685000.000,5698000.000,6622000.000,11170000.000,10486000.000,8399000.000,7130000.000,6522000.000
DeferredIncomeTaxExpenseBenefit,,,,,,,13000.000,,,,,,,,15000.000,,,,-3000.000,,,,-413000.000
DepreciationDepletionAndAmortization,,,410000.000,503000.000,,,516000.000,,,,364000.000,,,,495000.000,,,,495000.000,,,,550000.000
DerivativeInstrumentsGainLossReclassificationFromAccumulatedOCIToIncomeEstimatedNetAmountToBeTransferred,,,,,,,,,,,7000.000,,,,-402000.000,,,,2000.000,,,,
DerivativeInstrumentsGainLossReclassifiedFromAccumulatedOCIIntoIncomeEffectivePortionNet,,,,-95000.000,,,33000.000,14000.000,-71000.000,-29000.000,-38000.000,5000.000,3000.000,-73000.000,-182000.000,-124000.000,-161000.000,-96000.000,-31000.000,-5000.000,0.000,0.000,
DerivativeInstrumentsGainLossRecognizedInOtherComprehensiveIncomeEffectivePortionNet,,,,-69000.000,290000.000,,-139000.000,-153000.000,61000.000,-49000.000,15000.000,55000.000,-190000.000,-279000.000,-228000.000,123000.000,-217000.000,24000.000,60000.000,-7000.000,0.000,0.000,
EarningsPerShareBasic,0.200,0.230,0.010,0.020,-0.060,-0.940,-0.310,-0.170,-0.110,-0.320,-0.120,-0.050,-0.070,0.010,-0.120,-0.110,-0.080,0.000,0.330,0.300,0.170,0.890,-0.030
EarningsPerShareDiluted,0.200,0.220,0.010,0.020,-0.060,-0.940,-0.310,-0.170,-0.110,-0.320,-0.120,-0.050,-0.070,0.010,-0.120,-0.110,-0.080,0.000,0.330,0.290,0.160,0.860,-0.030
EffectOfExchangeRateOnCashAndCashEquivalents,,,77000.000,,,,-65000.000,,,,1000.000,,,,-79000.000,,,,44000.000,,,,30000.000
EffectiveIncomeTaxRateContinuingOperations,,,,,,,,,,,,,,,,,,,,,,,0.327
EffectiveIncomeTaxRateReconciliationAtFederalStatutoryIncomeTaxRate,,,,,,,-0.010,,,,,,,,,,,,,,,,
EmployeeServiceShareBasedCompensationTaxBenefitRealizedFromExerciseOfStockOptions,,,,,,,,,,,,,,,,,,,,,,,207000.000
EntityWideDisclosureOnGeographicAreasRevenueFromExternalCustomersAttributedToForeignCountries,,,,11318000.000,9707000.000,,5377000.000,,,,,,,,,,,,,,,,
ExtendedProductWarrantyAccrualAdditionsFromBusinessAcquisition,,,,,,,,,,,89000.000,,,,0.000,,,,,,,,
ExtendedProductWarrantyAccrualPeriodIncreaseDecrease,,,,,,,94000.000,,,,15000.000,,,,49000.000,,,,71000.000,,,,88000.000
FinitelivedIntangibleAssetsAcquired1,,,,,,,,,,,597000.000,,,,,,,,,,,,
ForeignCurrencyTransactionGainLossRealized,,,-10000.000,,,,,,,,,,,,,,,,,,,,
ForeignCurrencyTransactionGainLossUnrealized,,,,,,,-82000.000,,,,-48000.000,,,,121000.000,,,,-98000.000,,,,-133000.000
GainLossFromComponentsExcludedFromAssessmentOfCashFlowHedgeEffectivenessNet,,,,,,,,,,,,,,,,,,,,0.000,0.000,,
GainLossOnCashFlowHedgeIneffectivenessNet,,,,,,,,,,,,,,,,,,,,0.000,0.000,,
GoodwillAcquiredDuringPeriod,,,,,,,,,,,751000.000,,,,,,,,,,,,
GrossProfit,7507000.000,7467000.000,5235000.000,5529000.000,5081000.000,2334000.000,2939000.000,4074000.000,4006000.000,3631000.000,4568000.000,5867000.000,5296000.000,5454000.000,4561000.000,4569000.000,4239000.000,4772000.000,7944000.000,8145000.000,6641000.000,6325000.000,5398000.000
IncomeLossFromContinuingOperationsBeforeIncomeTaxesExtraordinaryItemsNoncontrollingInterest,1837000.000,2087000.000,127000.000,22000.000,-495000.000,-2789000.000,-2128000.000,-1144000.000,-1068000.000,-2014000.000,-768000.000,-302000.000,-439000.000,155000.000,-761000.000,-741000.000,-493000.000,-66000.000,2306000.000,2085000.000,1193000.000,807000.000,-627000.000
IncomeTaxExpenseBenefit,439000.000,521000.000,35000.000,-121000.000,-48000.000,3710000.000,18000.000,56000.000,-294000.000,34000.000,41000.000,13000.000,9000.000,70000.000,20000.000,20000.000,21000.000,-33000.000,43000.000,44000.000,21000.000,-5279000.000,-413000.000
IncreaseDecreaseInAccountsPayable,,,970000.000,,,,-231000.000,,,,1159000.000,,,,92000.000,,,,2470000.000,,,,833000.000
IncreaseDecreaseInAccountsReceivable,,,-1623000.000,,,,103000.000,,,,-846000.000,,,,184000.000,,,,7977000.000,,,,106000.000
IncreaseDecreaseInAccruedLiabilities,,,-379000.000,,,,18000.000,,,,12000.000,,,,-289000.000,,,,585000.000,,,,-1730000.000
IncreaseDecreaseInCustomerAdvances,,,-58000.000,,,,109000.000,,,,-226000.000,,,,-99000.000,,,,1974000.000,,,,92000.000
IncreaseDecreaseInIncomeTaxesReceivable,,,-9000.000,,,,-514000.000,,,,,,,,,,,,,,,,
IncreaseDecreaseInInventories,,,1438000.000,,,,-87000.000,,,,231000.000,,,,1361000.000,,,,-379000.000,,,,2079000.000
IncreaseDecreaseInOtherCurrentAssets,,,91000.000,,,,376000.000,,,,72000.000,,,,-83000.000,,,,409000.000,,,,109000.000
IncrementalCommonSharesAttributableToShareBasedPaymentArrangements,,,,,,,,,,,,,,,,,,,58000.000,248000.000,295000.000,,0.000
InterestAndOtherIncome,-7000.000,18000.000,35000.000,-76000.000,94000.000,,,,,,,,,,,,,,,,,,
NetCashProvidedByUsedInFinancingActivities,,,,,,,-186000.000,,,,49000.000,,,,260000.000,,,,0.000,,,,321000.000
NetCashProvidedByUsedInFinancingActivitiesContinuingOperations,,,,,,,-186000.000,,,,49000.000,,,,260000.000,,,,0.000,,,,321000.000
NetCashProvidedByUsedInInvestingActivities,,,-5133000.000,,,,-209000.000,,,,-521000.000,,,,115000.000,,,,653000.000,,,,-230000.000
NetCashProvidedByUsedInInvestingActivitiesContinuingOperations,,,-5133000.000,,,,-209000.000,,,,-521000.000,,,,115000.000,,,,653000.000,,,,-230000.000
NetCashProvidedByUsedInOperatingActivities,,,1205000.000,,,,-1407000.000,,,,1203000.000,,,,-2015000.000,,,,32000.000,,,,-2835000.000
NetCashProvidedByUsedInOperatingActivitiesContinuingOperations,,,1205000.000,,,,-1407000.000,,,,1203000.000,,,,-2015000.000,,,,32000.000,,,,-2835000.000
NetIncomeLoss,1398000.000,1566000.000,92000.000,143000.000,-447000.000,-6499000.000,-2146000.000,-1200000.000,-774000.000,-2048000.000,-809000.000,-315000.000,-448000.000,85000.000,-781000.000,-761000.000,-514000.000,-33000.000,2263000.000,2041000.000,1172000.000,6086000.000,-214000.000
NonoperatingIncomeExpense,,,,,,,-104000.000,27000.000,-107000.000,-4000.000,-46000.000,-27000.000,75000.000,121000.000,65000.000,-86000.000,228000.000,-105000.000,-85000.000,98000.000,56000.000,169000.000,-88000.000
OciBeforeReclassificationsNetOfTaxAttributableToParent,,,,,,,,,,,,,,,,,,,383000.000,,,,203000.000
OperatingIncomeLoss,1844000.000,2069000.000,92000.000,98000.000,-589000.000,-2712000.000,-2024000.000,-1171000.000,-961000.000,-2010000.000,-722000.000,-275000.000,-514000.000,34000.000,-826000.000,-655000.000,-721000.000,39000.000,2391000.000,1987000.000,1137000.000,638000.000,-539000.000
OtherComprehensiveIncomeForeignCurrencyTransactionAndTranslationAdjustmentBeforeTaxPeriodIncreaseDecrease,,,211000.000,,,,,,,,,,,,,,,,,,,,
OtherComprehensiveIncomeForeignCurrencyTransactionAndTranslationAdjustmentBeforeTaxPortionAttributableToParent,,,398000.000,-79000.000,212000.000,-155000.000,,,,,,,,,,,,,,,,,269000.000
OtherComprehensiveIncomeForeignCurrencyTransactionAndTranslationAdjustmentNetOfTaxPortionAttributableToParent,,,,,,,,,,,,,,,,,,,,,,,190000.000
OtherComprehensiveIncomeForeignCurrencyTransactionAndTranslationGainLossArisingDuringPeriodNetOfTax,,,,-46000.000,187000.000,,-139000.000,,,,,,,,,,,,,,,,
OtherComprehensiveIncomeForeignCurrencyTransactionAndTranslationGainLossBeforeReclassificationAndTax,,,323000.000,-69000.000,290000.000,47000.000,-139000.000,,,,,,,,,,,,,,,,
OtherComprehensiveIncomeForeignCurrencyTransactionAndTranslationReclassificationAdjustmentRealizedUponSaleOrLiquidationBeforeTax,,,-75000.000,,,,,,,,,,,,,,,,,,,,
OtherComprehensiveIncomeForeignCurrencyTranslationAdjustmentTaxPortionAttributableToParent,,,,,,,,,,,,,,,,,,,,,,,79000.000
OtherComprehensiveIncomeForeignCurrencyTranslationGainLossArisingDuringPeriodTax,,,,-23000.000,103000.000,,,,,,,,,,,,,,,,,,
OtherComprehensiveIncomeLossAvailableForSaleSecuritiesAdjustmentBeforeTax,,,,1000.000,-74000.000,,56000.000,-29000.000,24000.000,,-1000.000,13000.000,24000.000,,19000.000,-25000.000,-9000.000,,53000.000,15000.000,-36000.000,-40000.000,20000.000
OtherComprehensiveIncomeLossAvailableForSaleSecuritiesAdjustmentNetOfTax,,,,,,,56000.000,-29000.000,24000.000,4000.000,-1000.000,13000.000,24000.000,-7000.000,19000.000,,,,,,,,13000.000
OtherComprehensiveIncomeLossAvailableForSaleSecuritiesTax,,,,,,,,,,,,0.000,0.000,,0.000,,,,,,,,7000.000
OtherComprehensiveIncomeLossBeforeReclassificationsNetOfTax,,,,,,,,,,,94000.000,,,,-595000.000,,,,,,,,
OtherComprehensiveIncomeLossBeforeTax,,,,-52000.000,428000.000,,-195000.000,-372000.000,271000.000,-87000.000,132000.000,150000.000,-402000.000,-611000.000,-413000.000,,,,,,,,
OtherComprehensiveIncomeLossBeforeTaxPortionAttributableToParent,,,603000.000,-52000.000,428000.000,17000.000,-195000.000,-372000.000,271000.000,-87000.000,132000.000,150000.000,-402000.000,-611000.000,-413000.000,437000.000,-641000.000,179000.000,414000.000,-63000.000,-152000.000,-501000.000,289000.000
OtherComprehensiveIncomeLossDerivativesQualifyingAsHedgesBeforeTax,,,,26000.000,290000.000,,-172000.000,-167000.000,132000.000,-20000.000,53000.000,50000.000,-193000.000,-206000.000,-46000.000,247000.000,-56000.000,120000.000,91000.000,-2000.000,0.000,0.000,0.000
OtherComprehensiveIncomeLossDerivativesQualifyingAsHedgesNetOfTax,,,,,,,-172000.000,-167000.000,132000.000,-20000.000,53000.000,50000.000,-193000.000,-206000.000,-46000.000,,,,,,,,0.000
OtherComprehensiveIncomeLossDerivativesQualifyingAsHedgesTax,,,,,,,,,,,,,,,,,,,,,,,0.000
OtherComprehensiveIncomeLossForeignCurrencyTransactionAndTranslationAdjustmentBeforeTax,,,,-79000.000,212000.000,,-79000.000,-176000.000,115000.000,-71000.000,80000.000,87000.000,-233000.000,-398000.000,-386000.000,215000.000,-576000.000,,270000.000,-76000.000,-116000.000,,269000.000
OtherComprehensiveIncomeLossForeignCurrencyTransactionAndTranslationAdjustmentNetOfTax,,,,-79000.000,212000.000,,-79000.000,-176000.000,115000.000,-71000.000,80000.000,87000.000,-233000.000,-398000.000,-386000.000,,,,,,,,
OtherComprehensiveIncomeLossForeignCurrencyTransactionAndTranslationReclassificationAdjustmentFromAOCIRealizedUponSaleOrLiquidationBeforeTax,,,,,,,,14000.000,-71000.000,,-38000.000,,,,,,,,,,,,
OtherComprehensiveIncomeLossForeignCurrencyTransactionAndTranslationReclassificationAdjustmentFromAOCIRealizedUponSaleOrLiquidationNetOfTax,,,,,,,,14000.000,-71000.000,,-38000.000,5000.000,3000.000,-73000.000,-182000.000,,,,,,,,
OtherComprehensiveIncomeLossForeignCurrencyTransactionAndTranslationReclassificationAdjustmentFromAOCIRealizedUponSaleOrLiquidationTax,,,,,,,,,,,,0.000,0.000,,0.000,,,,,,,,
OtherComprehensiveIncomeLossForeignCurrencyTransactionAndTranslationReclassificationAdjustmentRealizedUponSaleOrLiquidationBeforeTax,,,,95000.000,,,-33000.000,,,,,,,,,,,,,,,,
OtherComprehensiveIncomeLossForeignCurrencyTransactionAndTranslationReclassificationAdjustmentRealizedUponSaleOrLiquidationNetOfTax,,,,63000.000,,,-33000.000,,,,,,,,,,,,,,,,
OtherComprehensiveIncomeLossForeignCurrencyTranslationAdjustmentTax,,,,,,,,,,,,0.000,0.000,,0.000,,,,,,,,
OtherComprehensiveIncomeLossForeignCurrencyTranslationReclassificationAdjustmentRealizedUponSaleOrLiquidationTax,,,,32000.000,,,,,,,,,,,,,,,,,,,
OtherComprehensiveIncomeLossNetOfTax,,,,-58000.000,335000.000,,-195000.000,-372000.000,271000.000,-87000.000,132000.000,150000.000,-402000.000,-611000.000,-413000.000,437000.000,-641000.000,179000.000,,,,,203000.000
OtherComprehensiveIncomeLossNetOfTaxPeriodIncreaseDecrease,,,467000.000,,,,,,,,,,,,,,,,,,,,
OtherComprehensiveIncomeLossNetOfTaxPortionAttributableToParent,,,,,,,,,,,,,,,,,,,414000.000,-63000.000,-152000.000,,203000.000
OtherComprehensiveIncomeLossReclassificationAdjustmentForSaleOfSecuritiesIncludedInNetIncomeBeforeTax,,,,-4000.000,-2000.000,,23000.000,,,,,,,,,,,,,,,,
OtherComprehensiveIncomeLossReclassificationAdjustmentForSaleOfSecuritiesIncludedInNetIncomeNetOfTax,,,,-4000.000,-1000.000,,23000.000,,,,,,,,,,,,,,,,
OtherComprehensiveIncomeLossReclassificationAdjustmentForSaleOfSecuritiesIncludedInNetIncomeTax,,,,,-1000.000,,,,,,,,,,,,,,,,,,
OtherComprehensiveIncomeLossReclassificationAdjustmentFromAOCIForSaleOfSecuritiesBeforeTax,,,,,,,,2000.000,,,,0.000,0.000,,0.000,0.000,0.000,0.000,0.000,0.000,0.000,0.000,0.000
OtherComprehensiveIncomeLossReclassificationAdjustmentFromAOCIForSaleOfSecuritiesNetOfTax,,,,,,,,2000.000,,,,0.000,0.000,,0.000,,,,,,,,0.000
OtherComprehensiveIncomeLossReclassificationAdjustmentFromAOCIForSaleOfSecuritiesTax,,,,,,,,,,,,0.000,0.000,,0.000,,,,,,,,0.000
OtherComprehensiveIncomeLossReclassificationAdjustmentFromAOCIOnDerivativesBeforeTax,,,,,,,,14000.000,-71000.000,,-38000.000,5000.000,3000.000,-73000.000,-182000.000,-124000.000,-161000.000,-96000.000,-31000.000,-5000.000,0.000,0.000,0.000
OtherComprehensiveIncomeLossReclassificationAdjustmentOnDerivativesIncludedInNetIncomeBeforeTax,,,,95000.000,,,-33000.000,,,,,,,,,,,,,,,,
OtherComprehensiveIncomeLossTax,,,136000.000,6000.000,93000.000,-8000.000,,,,,,0.000,0.000,,0.000,0.000,0.000,0.000,0.000,0.000,0.000,-71000.000,86000.000
OtherComprehensiveIncomeUnrealizedGainLossOnDerivativesArisingDuringPeriodBeforeTax,,,,-69000.000,290000.000,,-139000.000,-153000.000,61000.000,-49000.000,15000.000,55000.000,-190000.000,-279000.000,-228000.000,123000.000,-217000.000,24000.000,60000.000,-7000.000,0.000,0.000,0.000
OtherComprehensiveIncomeUnrealizedGainLossOnDerivativesArisingDuringPeriodNetOfTax,,,,,,,,-153000.000,61000.000,,15000.000,55000.000,-190000.000,,-228000.000,,,,,,,,0.000
OtherComprehensiveIncomeUnrealizedGainLossOnDerivativesArisingDuringPeriodTax,,,,,,,,,,,,0.000,0.000,,0.000,,,,,,,,0.000
OtherComprehensiveIncomeUnrealizedHoldingGainLossOnSecuritiesArisingDuringPeriodBeforeTax,,,-6000.000,5000.000,-72000.000,-6000.000,33000.000,-27000.000,24000.000,4000.000,-1000.000,13000.000,24000.000,-5000.000,19000.000,-25000.000,-9000.000,-63000.000,53000.000,15000.000,-36000.000,-40000.000,20000.000
OtherComprehensiveIncomeUnrealizedHoldingGainLossOnSecuritiesArisingDuringPeriodNetOfTax,,,,8000.000,-63000.000,,33000.000,-27000.000,24000.000,4000.000,-1000.000,13000.000,24000.000,-5000.000,19000.000,,,,,,,,13000.000
OtherComprehensiveIncomeUnrealizedHoldingGainLossOnSecuritiesArisingDuringPeriodTax,,,,-3000.000,-9000.000,,,,,,,0.000,0.000,,0.000,,,,,,,,7000.000
PaymentsForRepurchaseOfCommonStock,,,,,,,186000.000,,,,,,,,,,,,,,,,
PaymentsToAcquireAvailableForSaleSecurities,,,,,,,,,,,,,,,,,,,,,,,1701000.000
PaymentsToAcquireBusinessesGross,,,,,,,,,,,3092000.000,,,,0.000,,,,,,,,
PaymentsToAcquireIntangibleAssets,,,25000.000,,,,19000.000,,,,21000.000,,,,18000.000,,,,14000.000,,,,40000.000
PaymentsToAcquireMarketableSecurities,,,8638000.000,,,,3313000.000,,,,1590000.000,,,,1333000.000,,,,905000.000,,,,
PaymentsToAcquirePropertyPlantAndEquipment,,,412000.000,,,,95000.000,,,,95000.000,,,,119000.000,,,,312000.000,,,,123000.000
ProceedsFromMaturitiesPrepaymentsAndCallsOfAvailableForSaleSecurities,,,2592000.000,,,,765000.000,,,,1277000.000,,,,1169000.000,,,,1107000.000,,,,1634000.000
ProceedsFromSaleAndMaturityOfAvailableForSaleSecurities,,,,954000.000,632000.000,,2453000.000,1069000.000,818000.000,707000.000,3000000.000,154000.000,1893000.000,3000.000,416000.000,300000.000,801000.000,1000.000,777000.000,625000.000,0.000,98000.000,
ProceedsFromSaleOfAvailableForSaleSecurities,,,1350000.000,,,,2453000.000,,,,3000000.000,,,,416000.000,,,,,,,,0.000
ProceedsFromStockOptionsExercised,,,,,,,,,,,49000.000,,,,260000.000,,,,0.000,,,,321000.000
ProductWarrantyAccrualWarrantiesIssued,,,,,,,,,,,,,,,,,,,,,,,67000.000
ProvisionForDoubtfulAccounts,,,-48000.000,,,,-16000.000,,,,5000.000,,,,18000.000,,,,16000.000,,,,20000.000
ReclassificationFromAccumulatedOtherComprehensiveIncomeCurrentPeriodNetOfTax,,,,,,,,,,,38000.000,,,,-182000.000,,,,,,,,
ReclassificationFromAociCurrentPeriodNetOfTaxAttributableToParent,,,,,,,,,,,,,,,,,,,-31000.000,,,,0.000
RecognitionOfDeferredRevenue,,,,,,,-135000.000,,,,-67000.000,,,,184000.000,,,,115000.000,,,,92000.000
ResearchAndDevelopmentExpense,1947000.000,1838000.000,1917000.000,2062000.000,2129000.000,1640000.000,1836000.000,2021000.000,1978000.000,1684000.000,2007000.000,2396000.000,2266000.000,2120000.000,1989000.000,1913000.000,1956000.000,1744000.000,2030000.000,2110000.000,1997000.000,1903000.000,1950000.000
RestructuringAndRelatedCostIncurredCost,,,,,217000.000,,,,0.000,,0.000,0.000,0.000,0.000,,,,,,,,,
Revenues,16859000.000,17088000.000,11280000.000,13003000.000,11558000.000,5803000.000,6713000.000,9317000.000,8726000.000,8552000.000,9835000.000,13263000.000,11657000.000,11728000.000,9545000.000,10254000.000,9937000.000,11394000.000,19114000.000,18631000.000,15040000.000,13455000.000,11920000.000
SalesRevenueNet,16859000.000,17088000.000,11280000.000,13003000.000,11558000.000,5803000.000,6713000.000,9317000.000,8726000.000,8552000.000,9835000.000,13263000.000,11657000.000,11728000.000,9545000.000,10254000.000,9937000.000,11394000.000,19114000.000,18631000.000,15040000.000,13455000.000,11920000.000
SellingGeneralAndAdministrativeExpense,3671000.000,3542000.000,3226000.000,3369000.000,3324000.000,2883000.000,3127000.000,3224000.000,2989000.000,3005000.000,3279000.000,3730000.000,3527000.000,3284000.000,3381000.000,3295000.000,2987000.000,2972000.000,3506000.000,4031000.000,3491000.000,3768000.000,3970000.000
ShareBasedCompensation,,,105000.000,148000.000,95000.000,101000.000,103000.000,130000.000,97000.000,117000.000,107000.000,153000.000,117000.000,59000.000,117000.000,159000.000,110000.000,125000.000,141000.000,409000.000,142000.000,171000.000,188000.000
ShareBasedCompensationArrangementByShareBasedPaymentAwardEquityInstrumentsOtherThanOptionsForfeitedInPeriod,,,,,,,,,,,8750.000,,,,0.000,,,,0.000,,,,0.000
ShareBasedCompensationArrangementByShareBasedPaymentAwardEquityInstrumentsOtherThanOptionsForfeituresWeightedAverageGrantDateFairValue,,,,,,,,,,,7.500,,,,0.000,,,,0.000,,,,0.000
ShareBasedCompensationArrangementByShareBasedPaymentAwardEquityInstrumentsOtherThanOptionsGrantsInPeriod,,,,,,,,,,,20000.000,,,,0.000,,,,0.000,,,,0.000
ShareBasedCompensationArrangementByShareBasedPaymentAwardEquityInstrumentsOtherThanOptionsGrantsInPeriodWeightedAverageGrantDateFairValue,,,,,,,,,,,6.970,,,,0.000,,,,0.000,,,,0.000
ShareBasedCompensationArrangementByShareBasedPaymentAwardEquityInstrumentsOtherThanOptionsVestedInPeriod,,,,,,,5438.000,,,,5433.000,,,,7014.000,,,,6597.000,,,,5000.000
ShareBasedCompensationArrangementByShareBasedPaymentAwardEquityInstrumentsOtherThanOptionsVestedInPeriodWeightedAverageGrantDateFairValue,,,,,,,7.310,,,,7.310,,,,7.060,,,,7.050,,,,6.970
ShareBasedCompensationArrangementByShareBasedPaymentAwardFairValueAssumptionsExpectedDividendRate,,,,,,,,,,,0.000,,,,,,,,0.000,,,,
ShareBasedCompensationArrangementByShareBasedPaymentAwardFairValueAssumptionsExpectedVolatilityRate,,,,,,,,,,,,,,,,,,,0.422,,,,
ShareBasedCompensationArrangementByShareBasedPaymentAwardFairValueAssumptionsRiskFreeInterestRate,,,,,,,,,,,,,,,,,,,0.012,,,,
ShareBasedCompensationArrangementByShareBasedPaymentAwardOptionsExpirationsInPeriod,,,,,,,,,,,,,,,40000.000,,,,0.000,,,,0.000
ShareBasedCompensationArrangementByShareBasedPaymentAwardOptionsForfeituresInPeriod,,,,,,,,,,,52498.000,,,,0.000,,,,0.000,,,,0.000
ShareBasedCompensationArrangementByShareBasedPaymentAwardOptionsGrantsInPeriod,,,,,,,,,,,170000.000,,,,,,,,,,,,
ShareBasedCompensationArrangementByShareBasedPaymentAwardOptionsGrantsInPeriodGross,,,,,,,,,,,,,,,0.000,,,,5000.000,,,,0.000
ShareBasedCompensationArrangementByShareBasedPaymentAwardOptionsGrantsInPeriodWeightedAverageGrantDateFairValue,,,,,,,,,,,3.390,,,,,,,,3.680,,,,
ShareBasedCompensationArrangementsByShareBasedPaymentAwardOptionsExercisesInPeriodWeightedAverageExercisePrice,,,,,,,,,,,4.900,,,,7.430,,,,0.000,,,,8.860
ShareBasedCompensationArrangementsByShareBasedPaymentAwardOptionsExpirationsInPeriodWeightedAverageExercisePrice,,,,,,,,,,,,,,,11.180,,,,0.000,,,,0.000
ShareBasedCompensationArrangementsByShareBasedPaymentAwardOptionsForfeituresInPeriodWeightedAverageExercisePrice,,,,,,,,,,,7.500,,,,0.000,,,,0.000,,,,0.000
ShareBasedCompensationArrangementsByShareBasedPaymentAwardOptionsGrantsInPeriodWeightedAverageExercisePrice,,,,,,,,,,,7.730,,,,0.000,,,,9.510,,,,0.000
SharebasedCompensationArrangementBySharebasedPaymentAwardOptionsVestedInPeriodFairValue1,,,,,,,,,,,,,,,139000.000,,,,135000.000,,,,117000.000
StandardProductWarrantyAccrualAdditionsFromBusinessAcquisition,,,,,,,,,,,5000.000,,,,0.000,,,,,,,,
StandardProductWarrantyAccrualPayments,,,,,,,-203000.000,,,,-189000.000,,,,192000.000,,,,143000.000,,,,55000.000
StandardProductWarrantyAccrualPeriodIncreaseDecrease,,,,,,,151000.000,,,,271000.000,,,,199000.000,,,,248000.000,,,,
StandardProductWarrantyAccrualPreexistingIncreaseDecrease,,,,,,,,,,,,,,,,,,,-8000.000,,,,-35000.000
StockIssuedDuringPeriodSharesStockOptionsExercised,,,,,,,,,,,10000.000,,,,35001.000,,,,0.000,,,,36250.000
StockIssuedDuringPeriodValueShareBasedCompensation,,,,,,,,,,,,,,,,,,,,,,,188000.000
StockRepurchasedAndRetiredDuringPeriodShares,,,,,,,27911.000,85625.000,217000.000,177999.000,,,,,,,,,,,,,
StockRepurchasedAndRetiredDuringPeriodValue,,,,,,,186000.000,514000.000,1300000.000,979000.000,,,,,,,,,,,,,
TaxAdjustmentsSettlementsAndUnusualProvisions,,,,,,,,,318000.000,,,,,,,,,,,,,,
UnrealizedLossOnForeignCurrencyDerivativesBeforeTax,,,,,,,5000.000,,,,,,,,,,,,,,,,
WeightedAverageNumberDilutedSharesOutstandingAdjustment,,,,59000.000,,,,,,,,,,,,,,,,,,,
WeightedAverageNumberOfDilutedSharesOutstanding,6948000.000,6962000.000,6982000.000,6994000.000,6951000.000,-13981000.000,6961000.000,6907000.000,6784000.000,-13854000.000,6507000.000,6547000.000,6609000.000,-13087000.000,6676000.000,6688000.000,6717000.000,-13375000.000,6835000.000,7051000.000,7154000.000,-13991000.000,6912.000
WeightedAverageNumberOfSharesOutstandingBasic,6894000.000,6914000.000,6933000.000,6935000.000,6951000.000,-13873000.000,6961000.000,6907000.000,6784000.000,-13854000.000,6507000.000,6547000.000,6609000.000,-13087000.000,6676000.000,6688000.000,6717000.000,-13375000.000,6777000.000,6803000.000,6859000.000,-13607000.000,6912.000
