,2011-03-31,2011-06-30,2011-09-30,2011-12-31,2012-03-31,2012-06-30,2012-09-30,2012-12-31,2013-03-31,2013-06-30,2013-09-30,2013-12-31,2014-03-31,2014-06-30,2014-09-30,2014-12-31,2015-03-31,2015-06-30,2015-09-30,2015-12-31,2016-03-31,2016-06-30,2017-03-31
AllocatedShareBasedCompensationExpense,,,,,1687000.000,1889000.000,1447000.000,2038000.000,1099000.000,3121000.000,2105000.000,3572000.000,6770000.000,1873000.000,627000.000,-1123000.000,1369000.000,902000.000,412000.000,1146000.000,-609000.000,-3333000.000,
AmortizationOfDebtDiscountPremium,,583000.000,315000.000,,333000.000,341000.000,351000.000,342000.000,321000.000,110000.000,0.000,0.000,0.000,0.000,0.000,0.000,,,,,,,
AmortizationOfFinancingCosts,,895000.000,747000.000,,682000.000,694000.000,706000.000,613000.000,626000.000,829000.000,961000.000,997000.000,1012000.000,1039000.000,1063000.000,1083000.000,1104000.000,1176000.000,1224000.000,1245000.000,1269000.000,20920000.000,
AntidilutiveSecuritiesExcludedFromComputationOfEarningsPerShareAmount,,100000.000,100000.000,,100000.000,100000.000,100000.000,18900000.000,19200000.000,19200000.000,19200000.000,-37800000.000,,18800000.000,,,31300000.000,31300000.000,,,27600000.000,,
AssetImpairmentCharges,,71071000.000,,,,28616000.000,700000.000,,,0.000,132224000.000,,,117908000.000,6084000.000,,,1084000.000,0.000,,,0.000,
BusinessAcquisitionProFormaEarningsPerShareBasic,,,,,,,,,,-0.680,-1.520,,,,,,,,,,,,
BusinessAcquisitionsProFormaNetIncomeLoss,,,,,,,,,,-44222000.000,-99190000.000,,,,,,,,,,,,
BusinessAcquisitionsProFormaRevenue,,,,,,,,,,113735000.000,121613000.000,,,,,,,,,,,,
CapitalExpendituresIncurredButNotYetPaid,,,,,,,,,,,,,,,,,,,,,-9697000.000,,
CashAndCashEquivalentsPeriodIncreaseDecrease,-72571000.000,,,,-5576000.000,,,,-3228000.000,,,,-13920000.000,,,,-2393000.000,,,,14577000.000,,
CommonStockDividendsPerShareCashPaid,,,,,0.056,,,,0.056,,,,,,,,,,,,,,
ComprehensiveIncomeNetOfTax,,,,,-11876000.000,-5615000.000,-32588000.000,-54408000.000,-16364000.000,-25419000.000,-98882000.000,,19250000.000,-100760000.000,89686000.000,,-57176000.000,-80139000.000,25889000.000,,-33500000.000,-61991000.000,
ContractualInterestExpenseOnPrepetitionLiabilitiesNotRecognizedInStatementOfOperations,,,,,,,,,,,,,,,,,,,,,,23500000.000,
ConvertiblePreferredDividendsNetOfTax,,,,,,,,,-1725000.000,-1725000.000,-1725000.000,-1725000.000,-1722000.000,-1718000.000,-7641000.000,-6067000.000,-6067000.000,-6067000.000,5935000.000,,3152000.000,2820000.000,
CostsAndExpenses,97112000.000,154331000.000,92384000.000,117597000.000,87833000.000,114888000.000,102184000.000,159335000.000,86157000.000,106415000.000,229401000.000,101541000.000,118181000.000,230997000.000,119475000.000,784105000.000,132403000.000,124598000.000,108380000.000,1504958000.000,43004000.000,37766000.000,
DeferredIncomeTaxExpenseBenefit,-14201000.000,,,,-6601000.000,,,,,,,,,,,,,,,,,,
DefinedContributionPlanCostRecognized,,,,,,,,,,,,,,,,,,,,,200000.000,,
DepreciationDepletionAndAmortization,34843000.000,33036000.000,45345000.000,49310000.000,50817000.000,51740000.000,49331000.000,54448000.000,51576000.000,64329000.000,62450000.000,67239000.000,72187000.000,71437000.000,71999000.000,84676000.000,90790000.000,85416000.000,76850000.000,81423000.000,13812000.000,11746000.000,
DilutiveSecuritiesEffectOnBasicEarningsPerShareOther,,,,,,,,,,,,,1722000.000,,,,0.000,,5935000.000,,,,
DividendsCommonStockCash,,,,,2586000.000,,,,,,,,,,,,,,,,,,
DividendsPreferredStockCash,,,,,,,,,1725000.000,,,,1722000.000,,,,6067000.000,,,,0.000,,
EarningsPerShareBasic,-0.580,-1.570,-0.150,-0.600,-0.260,-0.120,-0.710,-1.130,-0.330,-0.430,-1.540,-0.110,0.270,-1.590,1.130,-6.070,-0.880,-1.190,0.270,-20.010,-0.430,-0.730,
EarningsPerShareDiluted,-0.580,-1.570,-0.150,-0.600,-0.260,-0.120,-0.710,-1.130,-0.330,-0.430,-1.540,-0.110,0.220,-1.590,0.870,-5.760,-0.880,-1.190,0.250,-19.990,-0.430,-0.730,
EffectiveIncomeTaxRateContinuingOperations,,,,,,,,,,,,,0.426,0.342,,,0.002,,,,,,0.355
EffectiveIncomeTaxRateReconciliationAtFederalStatutoryIncomeTaxRate,,,,,,,,,,,,,,,,,0.350,,,,0.350,,0.350
ExplorationAbandonmentAndImpairmentExpense,26999000.000,,,,8171000.000,,,,5262000.000,,,,3294000.000,,,,1983000.000,,,,856000.000,,
ExplorationAndProductionRevenue,16583000.000,21548000.000,37147000.000,44304000.000,58723000.000,58382000.000,56995000.000,55472000.000,63058000.000,86867000.000,100564000.000,96918000.000,105576000.000,112090000.000,118716000.000,83904000.000,59168000.000,70672000.000,51124000.000,39632000.000,25966000.000,32019000.000,
ExplorationExpense,29548000.000,19368000.000,19303000.000,10724000.000,7998000.000,9384000.000,9265000.000,7445000.000,6295000.000,7845000.000,3957000.000,2897000.000,8636000.000,3373000.000,1986000.000,3068000.000,5887000.000,4362000.000,1673000.000,661000.000,1327000.000,4320000.000,
GainLossOnDerivativeInstrumentsNetPretax,1328000.000,7001000.000,11498000.000,-4176000.000,-305000.000,43826000.000,-12271000.000,4937000.000,-7761000.000,8588000.000,-24035000.000,2356000.000,-15662000.000,-42665000.000,66457000.000,154082000.000,22867000.000,-15495000.000,44701000.000,19174000.000,4492000.000,-21759000.000,
GainLossOnDispositionOfAssets,,,,,,,,,,,,,56826000.000,,,,,,,,,,
GainLossOnDispositionOfProperty,480000.000,-28000.000,71000.000,3047000.000,756000.000,78000.000,1573000.000,1875000.000,-549000.000,256000.000,-186000.000,,,,,,,,,,,,
GainLossOnSaleOfDerivatives,1328000.000,,,,,,,,,,,,,,,,,,,,,,
GainLossOnSaleOfOilAndGasProperty,,,,,,,,,,,,,67300000.000,67300000.000,,,,,,,,,
GainLossOnSaleOfPropertyPlantEquipment,480000.000,,,,756000.000,,,,-549000.000,,,,56826000.000,-51000.000,63520000.000,474000.000,-91000.000,66000.000,50828000.000,-9468000.000,-153000.000,910000.000,
GainsLossesOnExtinguishmentOfDebt,,-24238000.000,-1165000.000,,,0.000,-3144000.000,,,-29157000.000,0.000,,,0.000,0.000,,,,,,,,
GasGatheringTransportationMarketingAndProcessingCosts,4028000.000,4281000.000,2952000.000,3896000.000,4154000.000,4391000.000,3127000.000,2524000.000,3579000.000,2980000.000,3039000.000,3241000.000,2961000.000,3526000.000,4893000.000,6914000.000,7498000.000,6383000.000,5654000.000,4280000.000,3818000.000,4650000.000,
GeneralAndAdministrativeExpense,13352000.000,12954000.000,12635000.000,9387000.000,12141000.000,11747000.000,11634000.000,10378000.000,10943000.000,15656000.000,12677000.000,14722000.000,16688000.000,14840000.000,11527000.000,5950000.000,11970000.000,11479000.000,9416000.000,10463000.000,17102000.000,9662000.000,
ImpairmentOfLongLivedAssetsHeldForUse,,71071000.000,,,,28481000.000,0.000,,,,132224000.000,,,,,,,,,,,,
ImpairmentOfLongLivedAssetsToBeDisposedOf,,,,,,,,,,,,,,117900000.000,,,,,,,,,
ImpairmentOfOilAndGasProperties,,,,,,,,,,,,,,,6100000.000,,,,,,,,
IncomeLossFromContinuingOperationsBeforeIncomeTaxesMinorityInterestAndIncomeLossFromEquityMethodInvestments,-40541000.000,-111964000.000,-12843000.000,-55722000.000,-18500000.000,-9273000.000,-54819000.000,-90699000.000,-25172000.000,-39120000.000,-152006000.000,-4468000.000,33489000.000,-157500000.000,131774000.000,-549033000.000,-57024000.000,-80040000.000,25276000.000,-1476544000.000,-33473000.000,-61980000.000,
IncomeLossFromContinuingOperationsIncludingPortionAttributableToNoncontrollingInterest,-26340000.000,-71918000.000,-6718000.000,-27939000.000,,,,,,,,,,,,,,,,,,,
IncomeLossFromContinuingOperationsPerBasicShare,-0.580,-1.570,-0.150,-0.600,,,,,,,,,,,,,,,,,,,
IncomeLossFromContinuingOperationsPerDilutedShare,-0.580,-1.570,-0.150,-0.600,,,,,,,,,,,,,,,,,,,
IncomeTaxExpenseBenefit,-14201000.000,-40046000.000,-6125000.000,-27783000.000,-6601000.000,-3635000.000,-22208000.000,-36258000.000,-8789000.000,-13682000.000,-53106000.000,-2119000.000,14264000.000,-56716000.000,42113000.000,-131339000.000,141000.000,89000.000,-624000.000,-4977000.000,0.000,0.000,0.000
IncomeTaxesPaid,,,,,,,,,,,,,,,,,,,,,100000.000,,
IncomeTaxesPaidNet,-120000.000,,,,-301000.000,,,,0.000,,,,0.000,,,,0.000,,,,-35000.000,,
IncreaseDecreaseInOperatingCapital,,,,,-19997000.000,,,,,,,,,,,,,,,,,,
IncreaseDecreaseInOtherOperatingCapitalNet,2105000.000,,,,,,,,237000.000,,,,386000.000,,,,7228000.000,,,,-20278000.000,,
InterestCostsCapitalized,,,,,,,,,,,,,,,,,,,,,,,100000.000
InterestExpense,13484000.000,14143000.000,14206000.000,14383000.000,14774000.000,15084000.000,14979000.000,14502000.000,14479000.000,21808000.000,20218000.000,22336000.000,22534000.000,23229000.000,21953000.000,21115000.000,22013000.000,23023000.000,22985000.000,22930000.000,24434000.000,32221000.000,
InterestExpenseBorrowings,,13120000.000,13581000.000,,14017000.000,14289000.000,14156000.000,13617000.000,13583000.000,20902000.000,22754000.000,23024000.000,23140000.000,23778000.000,22559000.000,22389000.000,22808000.000,23324000.000,23239000.000,23119000.000,23305000.000,11344000.000,
InterestPaidCapitalized,,455000.000,437000.000,,258000.000,240000.000,234000.000,71000.000,51000.000,33000.000,3497000.000,1685000.000,1618000.000,-1588000.000,1669000.000,5533000.000,1899000.000,1477000.000,1478000.000,1434000.000,140000.000,43000.000,40000.000
InterestPaidNet,387000.000,,,,557000.000,,,,340000.000,,,,1025000.000,,,,732000.000,,,,735000.000,,
LeaseOperatingExpense,10277000.000,10787000.000,8458000.000,7466000.000,9143000.000,9264000.000,6206000.000,6653000.000,7805000.000,8629000.000,8457000.000,10570000.000,10404000.000,12403000.000,15296000.000,10195000.000,11569000.000,10907000.000,11304000.000,8648000.000,6192000.000,5225000.000,
NaturalGasProductionRevenue,41189000.000,38300000.000,34171000.000,23410000.000,14886000.000,10303000.000,11909000.000,12763000.000,12039000.000,15554000.000,12872000.000,12073000.000,18203000.000,16302000.000,13354000.000,10185000.000,8571000.000,7260000.000,6312000.000,3336000.000,2402000.000,1917000.000,
NetCashProvidedByUsedInFinancingActivities,-1738000.000,,,,17414000.000,,,,36252000.000,,,,-16640000.000,,,,120933000.000,,,,-75000.000,,
NetCashProvidedByUsedInFinancingActivitiesContinuingOperations,-1738000.000,,,,17414000.000,,,,36252000.000,,,,-16640000.000,,,,120933000.000,,,,-75000.000,,
NetCashProvidedByUsedInInvestingActivities,-100269000.000,,,,-93691000.000,,,,-85095000.000,,,,-63840000.000,,,,-168878000.000,,,,-13879000.000,,
NetCashProvidedByUsedInInvestingActivitiesContinuingOperations,-100269000.000,,,,-93691000.000,,,,-85095000.000,,,,-63840000.000,,,,-168878000.000,,,,-13879000.000,,
NetCashProvidedByUsedInOperatingActivities,29436000.000,,,,70701000.000,,,,45615000.000,,,,66560000.000,,,,45552000.000,,,,28531000.000,,
NetCashProvidedByUsedInOperatingActivitiesContinuingOperations,29436000.000,,,,70701000.000,,,,45615000.000,,,,66560000.000,,,,45552000.000,,,,28531000.000,,
NetIncomeLoss,-26340000.000,-71918000.000,-6718000.000,-27939000.000,-11899000.000,-5638000.000,-32611000.000,-54441000.000,,,,,,-100784000.000,,,,,,,,,
NetIncomeLossAttributableToNoncontrollingInterest,,,,,,,,,,,,,,,,,,,,,33500000.000,,
NetIncomeLossAvailableToCommonStockholdersBasic,,-71918000.000,-6718000.000,,,,,,-18108000.000,-27163000.000,-100625000.000,-4074000.000,17503000.000,-105870000.000,81132000.000,-423761000.000,-63232000.000,-86196000.000,19965000.000,-1476287000.000,-36625000.000,-64800000.000,
NetIncomeLossAvailableToCommonStockholdersDiluted,,,,,,,,,,,,,19225000.000,,89661000.000,,-63232000.000,,25900000.000,,-36625000.000,-64800000.000,
OilAndCondensateRevenue,9921000.000,13161000.000,10676000.000,9636000.000,9071000.000,7556000.000,6671000.000,7753000.000,7127000.000,7313000.000,8212000.000,8096000.000,9373000.000,8037000.000,9790000.000,7352000.000,5396000.000,5191000.000,3254000.000,3064000.000,1953000.000,2431000.000,
OperatingIncomeLoss,-28529000.000,-80713000.000,-9031000.000,-37146000.000,-3422000.000,-38043000.000,-24485000.000,-81141000.000,-2959000.000,3240000.000,-107788000.000,15461000.000,71684000.000,-91636000.000,85921000.000,-681954000.000,-57876000.000,-40982000.000,3604000.000,-1469787000.000,-12507000.000,-614000.000,
OtherAssetImpairmentCharges,,,,,,135000.000,700000.000,,,,0.000,,,,,,,,,,,,
OtherComprehensiveIncomeDefinedBenefitPlansAdjustmentNetOfTaxPeriodIncreaseDecrease,,,,,23000.000,23000.000,23000.000,,,,,,,,,,,,,,,,
OtherComprehensiveIncomeDefinedBenefitPlansTax,,,,,13000.000,13000.000,11000.000,,,,,,,,,,,,,,,,
OtherComprehensiveIncomeLossNetOfTax,,,,,,,,,19000.000,19000.000,18000.000,1193000.000,25000.000,24000.000,25000.000,-92000.000,-11000.000,-10000.000,-11000.000,205000.000,-27000.000,-11000.000,
OtherComprehensiveIncomeLossNetOfTaxPeriodIncreaseDecrease,,,,,23000.000,23000.000,23000.000,,,,,,,,,,,,,,,,
OtherComprehensiveIncomeLossPensionAndOtherPostretirementBenefitPlansAdjustmentBeforeTax,,,,,,,,,-29000.000,,,,-38000.000,,,,17000.000,,,,27000.000,,
OtherComprehensiveIncomeLossPensionAndOtherPostretirementBenefitPlansAdjustmentNetOfTax,,,,,,,,,-19000.000,-19000.000,-18000.000,-1193000.000,-25000.000,-24000.000,-25000.000,92000.000,11000.000,10000.000,11000.000,-205000.000,27000.000,11000.000,
OtherComprehensiveIncomeLossPensionAndOtherPostretirementBenefitPlansTax,,,,,,,,,10000.000,10000.000,10000.000,643000.000,13000.000,13000.000,14000.000,-50000.000,-6000.000,-5000.000,-6000.000,110000.000,0.000,0.000,
OtherCostAndExpenseOperating,,,300000.000,,,,0.000,,,,,,,,,,,,,,,,
OtherNoncashExpense,3272000.000,,,,1015000.000,,,,946000.000,,,,1012000.000,,,,1104000.000,,,,1269000.000,,
OtherNoncashIncomeExpense,-236000.000,,,,-56000.000,,,,-288000.000,,,,-206000.000,,,,-9000.000,,,,4000.000,,
OtherNonoperatingIncomeExpense,144000.000,129000.000,61000.000,1000.000,1000.000,28000.000,60000.000,27000.000,27000.000,17000.000,35000.000,68000.000,1000.000,30000.000,1349000.000,-46000.000,-2000.000,-540000.000,-44000.000,-3001000.000,-1024000.000,-6000.000,
OtherPreferredStockDividendsAndAdjustments,,,,,,,,,,,,,,,888000.000,,,,0.000,,,,
OtherSalesRevenueNet,410000.000,637000.000,1288000.000,54000.000,975000.000,526000.000,551000.000,331000.000,1523000.000,-335000.000,151000.000,-298000.000,-113000.000,2983000.000,16000.000,236000.000,1483000.000,427000.000,466000.000,-1393000.000,329000.000,-125000.000,
PaymentsForProceedsFromOtherInvestingActivities,-100000.000,,,,,,,,,,,,,,,,,,,,,,
PaymentsForRestructuring,,,,,,,,,,,,,650000.000,-473000.000,857000.000,1464000.000,523000.000,,,,527000.000,,
PaymentsOfDebtIssuanceCosts,,,,,,,1900000.000,,,,,,,,,,,,,,,,
PaymentsOfDividendsCommonStock,2576000.000,,,,2586000.000,,,,0.000,,,,,,,,,,,,,,
PaymentsOfDividendsPreferredStockAndPreferenceStock,,,,,,,,,1687000.000,,,,1725000.000,,,,6067000.000,,,,0.000,,
PaymentsToAcquirePropertyPlantAndEquipment,100729000.000,,,,94469000.000,,,,85973000.000,,,,159804000.000,,,,168994000.000,,,,14005000.000,,
PreferredStockAmountOfPreferredDividendsInArrears,,,,,,,,,,,,,,,,,,,5900000.000,,13800000.000,,
PreferredStockConversionsInducements,,,,,,,,,,,,,,3368000.000,888000.000,,,0.000,0.000,,,,
PreferredStockDividendRatePercentage,,,,,,,,,0.060,,,,0.060,,,,,,,,,,
PreferredStockDividendsPerShareCashPaid,,,,,,,,,150.000,,,,150.000,,,,,,,,,,
ProceedsFromIssuanceOfConvertiblePreferredStock,,,,,,,,,,,,,,314000000.000,313000000.000,,,,,,,,
ProceedsFromLinesOfCredit,,,,,23000000.000,,,,38000000.000,,,,85000000.000,,,,127000000.000,,,,0.000,,
ProceedsFromPaymentsForOtherFinancingActivities,838000.000,,,,,,,,-61000.000,,,,1085000.000,,,,0.000,,,,,,
ProceedsFromSaleOfOilAndGasPropertyAndEquipment,,,,,,,,,,,,,96000000.000,,,,,,,,,,
ProceedsFromSaleOfProductiveAssets,,,,,,,,,,,,,,,,,116000.000,,,,126000.000,,
ProceedsFromSaleOfPropertyPlantAndEquipment,360000.000,,,,778000.000,,,,878000.000,,,,95964000.000,,,,,,,,,,
ProductionTaxExpense,5064000.000,2834000.000,3391000.000,2401000.000,3580000.000,-254000.000,4589000.000,2719000.000,5959000.000,6976000.000,6597000.000,2872000.000,7305000.000,7510000.000,7690000.000,5485000.000,4689000.000,4967000.000,3483000.000,3143000.000,753000.000,2163000.000,
ProfitLoss,-26340000.000,-71918000.000,-6718000.000,-27939000.000,,,,,-16383000.000,-25438000.000,-98900000.000,-2349000.000,19225000.000,-100784000.000,89661000.000,-417694000.000,-57165000.000,-80129000.000,25900000.000,-1471567000.000,-33473000.000,-61980000.000,28407000.000
ReorganizationItems,,,,,,,,,,,,,,,,,,,,,,7380000.000,
RepaymentsOfLinesOfCredit,,,,,3000000.000,,,,0.000,,,,101000000.000,,,,0.000,,,,75000.000,,
RestructuringAndRelatedCostNumberOfPositionsEliminated,,,,,,,,,,,,,,,,,,,,,10.000,,
RestructuringCharges,,52000.000,1553000.000,,,,,,,,,,,,,,,,,,,,
RestructuringReserveAccrualAdjustment,,,,,,,,,0.000,0.000,2000.000,5000.000,12000.000,-4000.000,18000.000,-16000.000,,,,,,,
RestructuringReserveSettledWithCash,,,,,98000.000,79000.000,1359000.000,963000.000,498000.000,944000.000,705000.000,,,,,,,,,,,,
RestructuringReserveTranslationAndOtherAdjustment,,,,,-3000.000,-145000.000,1431000.000,16049000.000,,,,,,,,,,,,,,,
Revenues,68583000.000,73618000.000,83353000.000,80451000.000,84411000.000,76845000.000,77699000.000,78194000.000,83198000.000,109655000.000,121613000.000,117002000.000,189865000.000,139361000.000,205396000.000,102151000.000,74527000.000,83616000.000,111984000.000,35171000.000,30497000.000,37152000.000,
SaleLeasebackTransactionCurrentPeriodGainRecognized,,,,,,,,,,,,,100000.000,100000.000,100000.000,,100000.000,,,,,,
SalesRevenueNet,68583000.000,73618000.000,83353000.000,80451000.000,84411000.000,76845000.000,77699000.000,78194000.000,83198000.000,109655000.000,121613000.000,117002000.000,189865000.000,139361000.000,205396000.000,102151000.000,74527000.000,83616000.000,111984000.000,35171000.000,30497000.000,37152000.000,
ShareBasedCompensation,1796000.000,2013000.000,1820000.000,1801000.000,1615000.000,1336000.000,1282000.000,2114000.000,1085000.000,,,,825000.000,,,,990000.000,,,,-602000.000,,846000.000
StockIssuedDuringPeriodSharesAcquisitions,,,,,,,,,,10000000.000,10000000.000,,,,,,,,,,,,
StockIssuedDuringPeriodSharesConversionOfConvertibleSecurities,,,,,,,,,,,,,32500.000,4366872.000,,,,,,,85982.000,,
StockIssuedDuringPeriodValueAcquisitions,,,,,,,,,,42300000.000,42300000.000,,,,,,,,,,,,
StockOptionPlanExpense,,1379000.000,1354000.000,,1208000.000,950000.000,950000.000,1316000.000,792000.000,1114000.000,612000.000,605000.000,461000.000,329000.000,403000.000,405000.000,393000.000,387000.000,462000.000,462000.000,-303000.000,155000.000,
StockholdersEquityOther,,,,,-1637000.000,,,,-685000.000,,,,-1936000.000,,,,-979000.000,,,,628000.000,,835000.000
UnrealizedGainLossOnDerivativesAndCommodityContracts,,1970000.000,2971000.000,,-8286000.000,36856000.000,-21509000.000,-597000.000,-11318000.000,6355000.000,-19870000.000,5023000.000,-12605000.000,-35443000.000,74014000.000,143670000.000,,,,,,,
WeightedAverageNumberDilutedSharesOutstandingAdjustment,,,,,,0.000,0.000,,0.000,0.000,0.000,0.000,20133000.000,0.000,32070000.000,-52203000.000,0.000,0.000,30801000.000,-30801000.000,0.000,0.000,
WeightedAverageNumberOfDilutedSharesOutstanding,45687000.000,45768000.000,45817000.000,-91488000.000,45945000.000,46030000.000,46050000.000,-90106000.000,55341000.000,62899000.000,65465000.000,-121370000.000,85744000.000,66514000.000,103606000.000,-186977000.000,71820000.000,72398000.000,103452000.000,-174031000.000,85941000.000,89051000.000,
WeightedAverageNumberOfSharesOutstandingBasic,45687000.000,45768000.000,45817000.000,-91488000.000,45945000.000,46030000.000,46050000.000,-90106000.000,55341000.000,62899000.000,65465000.000,-121370000.000,65611000.000,66514000.000,71536000.000,-134774000.000,71820000.000,72398000.000,72651000.000,-143230000.000,85941000.000,89051000.000,
WriteOffOfDeferredDebtIssuanceCost,,,,,,,3200000.000,,,,,,,,,,,,,,,,
