,2011-03-31,2011-06-30,2011-09-30,2011-12-31,2012-03-31,2012-06-30,2012-09-30,2012-12-31,2013-03-31,2013-06-30,2013-09-30,2013-12-31,2014-03-31,2014-06-30,2014-09-30,2014-12-31,2015-03-31,2015-06-30,2015-09-30,2015-12-31,2016-03-31,2016-06-30,2016-09-30,2016-12-31,2017-03-31,2017-06-30
AccrualForEnvironmentalLossContingenciesChargesToExpenseForNewLosses,,,,,,,,,,,,,,,,,,,,,,,,,50000000.000,
AccrualForEnvironmentalLossContingenciesPayments,-28000000.000,,,,-61000000.000,,,,43000000.000,,,,56000000.000,,,,35000000.000,,,,,,,,,
AccrualForEnvironmentalLossContingenciesPayments1,,,,,,,,,,,,,,,,,,,,,,,,,31000000.000,
AccrualForEnvironmentalLossContingenciesPeriodIncreaseDecrease,,,,,,,,,,,,,1000000.000,,,,,,,,,,,,8000000.000,
AccrualForEnvironmentalLossContingenciesProvisionForNewLosses,51000000.000,,,,61000000.000,,,,54000000.000,,,,82000000.000,,,,46000000.000,,,,,,,,,
AdjustmentForAmortization,,,,,,,,,,,,,,,,,53000000.000,,,,74000000.000,,,,101000000.000,
AdjustmentsNoncashItemsToReconcileNetIncomeLossToCashProvidedByUsedInOperatingActivitiesOther,95000000.000,,,,,,,,,,,,,,,,,,,,,,,,,
AdjustmentsToAdditionalPaidInCapitalOther,,,,,,,,,,,,,0.000,,,,,,,,,,,,,
AllocatedShareBasedCompensationExpense,,,,,,,,,,,,,,,,,,,,,53000000.000,,,,,
AmortizationOfIntangibleAssets,65000000.000,,,,65000000.000,,62000000.000,,82000000.000,,81000000.000,,70000000.000,69000000.000,61000000.000,57000000.000,,,,,,,,,,
AntidilutiveSecuritiesExcludedFromComputationOfEarningsPerShareAmount,,,,,9600000.000,16600000.000,16600000.000,-30300000.000,2700000.000,6000000.000,200000.000,-6700000.000,2000000.000,5700000.000,5600000.000,-8600000.000,7800000.000,7000000.000,7000000.000,-14700000.000,8400000.000,6700000.000,5500000.000,-13100000.000,2100000.000,5000000.000
CashAndCashEquivalentsPeriodIncreaseDecrease,426000000.000,,,,290000000.000,,,,-95000000.000,,,,250000000.000,,,,-384000000.000,,,,-982000000.000,,,,-133000000.000,
ChangeInUnrealizedGainLossOnFairValueHedgingInstruments,9000000.000,24000000.000,80000000.000,-1000000.000,-14000000.000,-29000000.000,-7000000.000,38000000.000,14000000.000,45000000.000,,,,,,,,,,,,,,,,
ChangeInUnrealizedGainLossOnFairValueHedgingInstruments1,,,,,,,,,,,-4000000.000,,13000000.000,15000000.000,-9000000.000,19000000.000,15000000.000,-29000000.000,24000000.000,-12000000.000,29000000.000,8000000.000,-14000000.000,-94000000.000,-11000000.000,9000000.000
CommonStockDividendsPerShareCashPaid,0.333,0.333,0.333,0.371,0.372,0.372,,,0.410,0.410,0.410,0.450,0.450,0.450,0.450,0.520,0.517,0.517,0.517,0.599,0.595,0.595,0.595,0.665,0.665,0.665
CommonStockDividendsPerShareDeclared,,,,,,,0.372,,,,,,,,,,,,,,,,,,,
ComprehensiveIncomeNetOfTax,1085000000.000,961000000.000,277000000.000,,1083000000.000,451000000.000,1291000000.000,206000000.000,649000000.000,913000000.000,1546000000.000,2975000000.000,947000000.000,1190000000.000,610000000.000,-782000000.000,476000000.000,1324000000.000,864000000.000,1034000000.000,1266000000.000,1241000000.000,1257000000.000,874000000.000,1475000000.000,1116000000.000
ComprehensiveIncomeNetOfTaxAttributableToNoncontrollingInterest,,,,,4000000.000,-1000000.000,-2000000.000,4000000.000,3000000.000,-2000000.000,17000000.000,18000000.000,19000000.000,25000000.000,26000000.000,17000000.000,30000000.000,28000000.000,8000000.000,7000000.000,10000000.000,5000000.000,8000000.000,6000000.000,9000000.000,9000000.000
ComprehensiveIncomeNetOfTaxIncludingPortionAttributableToNoncontrollingInterest,1088000000.000,961000000.000,277000000.000,,1087000000.000,450000000.000,1289000000.000,210000000.000,652000000.000,911000000.000,1563000000.000,2993000000.000,966000000.000,1215000000.000,636000000.000,-765000000.000,506000000.000,1352000000.000,872000000.000,1041000000.000,1276000000.000,1246000000.000,1265000000.000,880000000.000,1484000000.000,1125000000.000
CostOfGoodsAndServicesSold,6610000000.000,6664000000.000,7033000000.000,8249000000.000,6880000000.000,6922000000.000,6808000000.000,7681000000.000,6783000000.000,7027000000.000,6942000000.000,7612000000.000,6967000000.000,7296000000.000,7128000000.000,7566000000.000,6362000000.000,6814000000.000,6654000000.000,6917000000.000,6547000000.000,6821000000.000,6903000000.000,6879000000.000,6356000000.000,6850000000.000
CostOfGoodsSold,5380000000.000,5425000000.000,5739000000.000,6676000000.000,5571000000.000,5582000000.000,5474000000.000,6302000000.000,5567000000.000,5750000000.000,5722000000.000,6278000000.000,5779000000.000,6047000000.000,5860000000.000,6203000000.000,5213000000.000,5541000000.000,5372000000.000,5649000000.000,5349000000.000,5602000000.000,5594000000.000,5625000000.000,5237000000.000,5660000000.000
CostOfServices,1230000000.000,1239000000.000,1294000000.000,1573000000.000,1309000000.000,1340000000.000,1334000000.000,1379000000.000,1216000000.000,1277000000.000,1220000000.000,1334000000.000,1188000000.000,1249000000.000,1268000000.000,1363000000.000,1149000000.000,1273000000.000,1282000000.000,1268000000.000,1198000000.000,1219000000.000,1309000000.000,1254000000.000,1119000000.000,1190000000.000
DeferredIncomeTaxesAndTaxCredits,68000000.000,,,,132000000.000,,,,27000000.000,,,,2000000.000,,,,93000000.000,,,,48000000.000,,,,-42000000.000,
DefinedBenefitPlanCurtailments,,,106000000.000,,,,,,,,,,,,,,,,,,,,,,,
Depreciation,,,,,,,,,,,,,,,,,163000000.000,,,,179000000.000,,,,170000000.000,
DepreciationDepletionAndAmortization,242000000.000,,,,,,,,,,,,238000000.000,,,,,,,,,,,,,
DerivativeInstrumentsNotDesignatedAsHedgingInstrumentsGainLossNet,23000000.000,-15000000.000,4000000.000,18000000.000,-10000000.000,61000000.000,13000000.000,-44000000.000,-46000000.000,34000000.000,82000000.000,92000000.000,57000000.000,-82000000.000,-99000000.000,-57000000.000,-162000000.000,24000000.000,72000000.000,-20000000.000,-32000000.000,122000000.000,24000000.000,118000000.000,-34000000.000,-84000000.000
DisposalGroupNotDiscontinuedOperationGainLossOnDisposal,,,,,,,,,,,,,,5000000.000,,,,,,,,,,,,
EarningsPerShareBasic,0.900,1.030,1.110,-0.390,1.060,1.150,1.210,0.320,1.230,1.300,1.260,1.200,1.300,1.400,1.490,1.210,1.420,1.520,1.620,1.550,1.540,1.680,1.620,1.450,1.740,1.820
EarningsPerShareDiluted,0.880,1.020,1.100,-0.390,1.040,1.140,1.200,0.310,1.210,1.280,1.240,1.190,1.280,1.380,1.470,1.200,1.410,1.510,1.600,1.520,1.530,1.660,1.600,1.410,1.710,1.800
EffectOfExchangeRateOnCashAndCashEquivalents,67000000.000,,,,47000000.000,,,,-67000000.000,,,,-45000000.000,,,,-252000000.000,,,,118000000.000,,,,149000000.000,
EnvironmentalRemediationExpense,,,,,,67000000.000,53000000.000,,,56000000.000,51000000.000,,82000000.000,52000000.000,52000000.000,82000000.000,46000000.000,49000000.000,49000000.000,50000000.000,52000000.000,31000000.000,49000000.000,63000000.000,50000000.000,55000000.000
ExcessTaxBenefitFromShareBasedCompensationFinancingActivities,13000000.000,,,,12000000.000,,,,24000000.000,,,,30000000.000,,,,47000000.000,,,,30000000.000,,,,,
ExcessTaxBenefitFromShareBasedCompensationOperatingActivities,13000000.000,,,,12000000.000,,,,24000000.000,,,,30000000.000,,,,47000000.000,,,,30000000.000,,,,,
ForeignCurrencyTransactionGainLossBeforeTax,-8000000.000,-10000000.000,,,-10000000.000,-3000000.000,-15000000.000,-8000000.000,-2000000.000,-1000000.000,-21000000.000,-10000000.000,-14000000.000,-5000000.000,-11000000.000,-4000000.000,,,,,,,,,,
GoodwillAcquiredDuringPeriod,45000000.000,,,,-12000000.000,,,,92000000.000,,,,-8000000.000,,,,,,,,,,,,,
GoodwillTranslationAdjustments,,,,,,,,,-131000000.000,,,,-10000000.000,,,,,,,,,,,,,
GoodwillTranslationAndPurchaseAccountingAdjustments,175000000.000,,,,64000000.000,,,,,,,,,,,,,,,,,,,,,
GoodwillWrittenOffRelatedToSaleOfBusinessUnit,-12000000.000,,,,0.000,,,,0.000,,,,,,,,,,,,,,,,,
IncomeLossFromContinuingOperations,,796000000.000,685000000.000,,823000000.000,902000000.000,950000000.000,251000000.000,,,,,,,,,,,,,,,,,,
IncomeLossFromContinuingOperationsBeforeIncomeTaxesExtraordinaryItemsNoncontrollingInterest,,,893000000.000,,1122000000.000,1223000000.000,1224000000.000,306000000.000,1260000000.000,1329000000.000,1384000000.000,1439000000.000,1411000000.000,1523000000.000,1580000000.000,1304000000.000,1564000000.000,1662000000.000,1707000000.000,1653000000.000,1628000000.000,1755000000.000,1632000000.000,1432000000.000,1724000000.000,1778000000.000
IncomeLossFromContinuingOperationsIncludingPortionAttributableToNoncontrollingInterest,,796000000.000,686000000.000,,825000000.000,905000000.000,946000000.000,255000000.000,,,,,,,,,,,,,,,,,,
IncomeLossFromContinuingOperationsPerBasicShare,,1.010,0.880,,1.060,1.150,1.210,0.320,,,,,,,,,,,,,,,,,,
IncomeLossFromContinuingOperationsPerDilutedShare,,1.000,0.870,,1.040,1.140,1.200,0.310,,,,,,,,,,,,,,,,,,
IncomeLossFromDiscontinuedOperationsNetOfTaxAttributableToReportingEntity,,14000000.000,177000000.000,,0.000,0.000,0.000,0.000,,,,,,,,,,,,,,,,,,
IncomeLossFromDiscontinuedOperationsNetOfTaxPerBasicShare,,0.020,0.230,,0.000,0.000,0.000,0.000,,,,,,,,,,,,,,,,,,
IncomeLossFromDiscontinuedOperationsNetOfTaxPerDilutedShare,,0.020,0.230,,0.000,0.000,0.000,0.000,,,,,,,,,,,,,,,,,,
IncomeLossFromEquityMethodInvestments,9000000.000,14000000.000,,,10000000.000,14000000.000,12000000.000,9000000.000,9000000.000,11000000.000,11000000.000,5000000.000,6000000.000,11000000.000,10000000.000,9000000.000,,,,,,,,,,
IncomeTaxExpenseBenefit,267000000.000,304000000.000,207000000.000,-361000000.000,297000000.000,318000000.000,278000000.000,51000000.000,291000000.000,307000000.000,377000000.000,475000000.000,375000000.000,397000000.000,388000000.000,329000000.000,418000000.000,440000000.000,431000000.000,450000000.000,432000000.000,465000000.000,384000000.000,320000000.000,392000000.000,378000000.000
IncreaseDecreaseInAccountsAndNotesReceivable,152000000.000,,,,40000000.000,,,,142000000.000,,,,154000000.000,,,,170000000.000,,,,203000000.000,,,,,
IncreaseDecreaseInAccountsPayable,-19000000.000,,,,-203000000.000,,,,-295000000.000,,,,-41000000.000,,,,-112000000.000,,,,-113000000.000,,,,115000000.000,
IncreaseDecreaseInAccountsReceivable,,,,,,,,,,,,,,,,,,,,,,,,,-23000000.000,
IncreaseDecreaseInAccruedLiabilities,-51000000.000,,,,-407000000.000,,,,-287000000.000,,,,-392000000.000,,,,-528000000.000,,,,-517000000.000,,,,-291000000.000,
IncreaseDecreaseInInventories,342000000.000,,,,108000000.000,,,,51000000.000,,,,115000000.000,,,,86000000.000,,,,241000000.000,,,,286000000.000,
IncreaseDecreaseInOtherOperatingAssets,22000000.000,,,,28000000.000,,,,-18000000.000,,,,-236000000.000,,,,-58000000.000,,,,59000000.000,,,,25000000.000,
IncrementalCommonSharesAttributableToShareBasedPaymentArrangements,12200000.000,12300000.000,8700000.000,-22400000.000,10800000.000,9100000.000,8900000.000,-19300000.000,11300000.000,10500000.000,10800000.000,-21700000.000,11500000.000,10900000.000,10500000.000,-22100000.000,10200000.000,9600000.000,9100000.000,-19400000.000,9000000.000,9100000.000,10700000.000,-17800000.000,10800000.000,9800000.000
InterestAndDebtExpense,99000000.000,96000000.000,90000000.000,91000000.000,89000000.000,87000000.000,88000000.000,87000000.000,84000000.000,80000000.000,80000000.000,83000000.000,79000000.000,80000000.000,77000000.000,82000000.000,77000000.000,77000000.000,72000000.000,84000000.000,85000000.000,85000000.000,82000000.000,86000000.000,75000000.000,79000000.000
InvestmentIncomeInterest,13000000.000,14000000.000,,,14000000.000,14000000.000,14000000.000,16000000.000,17000000.000,15000000.000,15000000.000,22000000.000,22000000.000,25000000.000,24000000.000,31000000.000,,,,,,,,,,
LossContingencyAccrualCarryingValuePayments,-43000000.000,,,,-38000000.000,,,,43000000.000,,,,57000000.000,,,,52000000.000,,,,,,,,,
LossContingencyAccrualCarryingValueProvision,42000000.000,,,,49000000.000,,,,,,,,,,,,,,,,,,,,,
LossContingencyAccrualProvision,,,,,,,,,,,,,-63000000.000,,,,49000000.000,,,,,,,,,
LossContingencyRelatedReceivableCarryingValueAdditions,4000000.000,,,,3000000.000,,,,10000000.000,,,,7000000.000,,,,5000000.000,,,,,,,,,
LossContingencyRelatedReceivableCarryingValueReceipts,-4000000.000,,,,-42000000.000,,,,19000000.000,,,,25000000.000,,,,14000000.000,,,,,,,,,
MarketableSecuritiesRealizedGainLoss,,,,,,,,,,,,,105000000.000,0.000,0.000,116000000.000,0.000,,,,,,,,,
MinorityInterestDecreaseFromDistributionsToNoncontrollingInterestHolders,2000000.000,,,,0.000,,,,,,,,4000000.000,,,,,,,,,,,,,
NetCashProvidedByUsedInFinancingActivities,786000000.000,,,,169000000.000,,,,-58000000.000,,,,-48000000.000,,,,367000000.000,,,,-161000000.000,,,,-618000000.000,
NetCashProvidedByUsedInFinancingActivitiesContinuingOperations,786000000.000,,,,169000000.000,,,,-58000000.000,,,,-48000000.000,,,,367000000.000,,,,-161000000.000,,,,-618000000.000,
NetCashProvidedByUsedInInvestingActivities,16000000.000,,,,-122000000.000,,,,-311000000.000,,,,-345000000.000,,,,-920000000.000,,,,-1196000000.000,,,,-604000000.000,
NetCashProvidedByUsedInInvestingActivitiesContinuingOperations,16000000.000,,,,-122000000.000,,,,-311000000.000,,,,-345000000.000,,,,-920000000.000,,,,-1196000000.000,,,,-604000000.000,
NetCashProvidedByUsedInOperatingActivities,-443000000.000,,,,196000000.000,,,,341000000.000,,,,688000000.000,,,,421000000.000,,,,257000000.000,,,,940000000.000,
NetCashProvidedByUsedInOperatingActivitiesContinuingOperations,-443000000.000,,,,196000000.000,,,,341000000.000,,,,688000000.000,,,,421000000.000,,,,257000000.000,,,,940000000.000,
NetIncomeLoss,705000000.000,810000000.000,862000000.000,-310000000.000,823000000.000,902000000.000,950000000.000,251000000.000,966000000.000,1021000000.000,990000000.000,947000000.000,1017000000.000,1099000000.000,1167000000.000,956000000.000,1116000000.000,1194000000.000,1264000000.000,1194000000.000,1186000000.000,1282000000.000,1240000000.000,1101000000.000,1326000000.000,1392000000.000
NetIncomeLossAttributableToNoncontrollingInterest,3000000.000,0.000,1000000.000,3000000.000,2000000.000,3000000.000,-4000000.000,4000000.000,3000000.000,1000000.000,17000000.000,17000000.000,19000000.000,27000000.000,25000000.000,19000000.000,30000000.000,28000000.000,12000000.000,9000000.000,10000000.000,8000000.000,8000000.000,11000000.000,6000000.000,8000000.000
OtherComprehensiveIncomeDefinedBenefitPlanNetPriorServiceCostsCreditArisingDuringPeriodNetOfTax,,,,,,0.000,0.000,,,,-108000000.000,,,,0.000,,,,,,,,,,46000000.000,0.000
OtherComprehensiveIncomeDefinedBenefitPlansAdjustmentNetOfTaxPeriodIncreaseDecrease,,,,,11000000.000,6000000.000,,,,,,,,,,,,,,,,,,,,
OtherComprehensiveIncomeDefinedBenefitPlansNetUnamortizedGainLossArisingDuringPeriodNetOfTax,,,,,,5000000.000,6000000.000,,,0.000,79000000.000,,,,0.000,,,-17000000.000,0.000,,,0.000,0.000,,,
OtherComprehensiveIncomeForeignCurrencyTransactionAndTranslationGainLossArisingDuringPeriodNetOfTax,391000000.000,116000000.000,-440000000.000,,,,,,,,,,,,,,,,,,,,,,,
OtherComprehensiveIncomeLossAmortizationAdjustmentFromAOCIPensionAndOtherPostretirementBenefitPlansForNetPriorServiceCostCreditNetOfTax,,,,,,,,,,,0.000,,0.000,0.000,0.000,-2000000.000,5000000.000,-1000000.000,-1000000.000,-16000000.000,-19000000.000,-19000000.000,-20000000.000,-20000000.000,-16000000.000,-16000000.000
OtherComprehensiveIncomeLossAmortizationPensionAndOtherPostretirementBenefitPlansNetPriorServiceCostRecognizedInNetPeriodicPensionCostNetOfTax,,,,,,,-2000000.000,,,,,,,,,,,,,,,,,,,
OtherComprehensiveIncomeLossAvailableForSaleSecuritiesAdjustmentNetOfTax,,,,,,,-15000000.000,,54000000.000,3000000.000,38000000.000,-82000000.000,-82000000.000,9000000.000,-6000000.000,-91000000.000,0.000,0.000,0.000,0.000,,,,,,
OtherComprehensiveIncomeLossBeforeReclassificationsNetOfTax,,,,,,,,,,,,,-7000000.000,,,,-616000000.000,,,,90000000.000,,,,189000000.000,
OtherComprehensiveIncomeLossDerivativesQualifyingAsHedgesNetOfTax,,,,,,,38000000.000,,1000000.000,-22000000.000,0.000,14000000.000,13000000.000,9000000.000,-9000000.000,7000000.000,78000000.000,-68000000.000,-27000000.000,9000000.000,-26000000.000,45000000.000,-2000000.000,91000000.000,-36000000.000,-70000000.000
OtherComprehensiveIncomeLossFinalizationOfPensionAndNonPensionPostretirementPlanValuationNetOfTax,,,,,,,0.000,,0.000,-26000000.000,0.000,0.000,,0.000,0.000,,,,2000000.000,,,,0.000,,,
OtherComprehensiveIncomeLossForeignCurrencyTransactionAndTranslationAdjustmentNetOfTax,,,,,,,312000000.000,,-381000000.000,-75000000.000,330000000.000,74000000.000,-5000000.000,66000000.000,-545000000.000,-560000000.000,-721000000.000,211000000.000,-383000000.000,-259000000.000,122000000.000,-74000000.000,35000000.000,-135000000.000,248000000.000,-192000000.000
OtherComprehensiveIncomeLossNetOfTax,,,,,,,,,-317000000.000,,,,-70000000.000,,,,-640000000.000,,,,80000000.000,,,,152000000.000,
OtherComprehensiveIncomeLossNetOfTaxPortionAttributableToNoncontrollingInterest,3000000.000,0.000,0.000,,4000000.000,,,,-2000000.000,,,,8000000.000,,,,,,,,,,,,,
OtherComprehensiveIncomeLossNetOfTaxPortionAttributableToParent,,,,,262000000.000,-455000000.000,343000000.000,-45000000.000,-317000000.000,-111000000.000,556000000.000,2029000000.000,-70000000.000,89000000.000,-556000000.000,-1740000000.000,-640000000.000,130000000.000,-404000000.000,-162000000.000,80000000.000,-44000000.000,17000000.000,-232000000.000,152000000.000,-275000000.000
OtherComprehensiveIncomeLossPensionAndOtherPostretirementBenefitPlansAdjustmentNetOfTax,,,,,,,-8000000.000,,-9000000.000,17000000.000,-188000000.000,-2023000000.000,-4000000.000,-5000000.000,-4000000.000,1096000000.000,-3000000.000,13000000.000,-6000000.000,-88000000.000,16000000.000,15000000.000,16000000.000,188000000.000,60000000.000,13000000.000
OtherComprehensiveIncomeLossReclassificationAdjustmentFromAOCIForSaleOfSecuritiesNetOfTax,,,,,,,,,,,,,71000000.000,0.000,0.000,114000000.000,0.000,0.000,0.000,0.000,,,,,,
OtherComprehensiveIncomeLossReclassificationAdjustmentFromAOCIOnDerivativesNetOfTax,,,,,,,,,,,-4000000.000,,-4000000.000,3000000.000,6000000.000,-5000000.000,27000000.000,31000000.000,19000000.000,22000000.000,-6000000.000,-7000000.000,-5000000.000,13000000.000,23000000.000,21000000.000
OtherComprehensiveIncomeLossReclassificationAdjustmentFromAOCIPensionAndOtherPostretirementBenefitPlansForNetGainLossNetOfTax,,,,,,,,,,,-1000000.000,,-4000000.000,-4000000.000,-4000000.000,-190000000.000,2000000.000,-5000000.000,-5000000.000,-64000000.000,-3000000.000,-4000000.000,-4000000.000,-225000000.000,-2000000.000,-3000000.000
OtherComprehensiveIncomeLossReclassificationAdjustmentFromAOCIPensionAndOtherPostretirementBenefitPlansForNetTransitionAssetObligationNetOfTax,,,,,,,,,,,0.000,,,-1000000.000,0.000,,,0.000,0.000,,,,,,,
OtherComprehensiveIncomeLossReclassificationAdjustmentOnDerivativesIncludedInNetIncomeNetOfTax,,,,,,,7000000.000,,,,,,,,,,,,,,,,,,,
OtherComprehensiveIncomeReclassificationOfDefinedBenefitPlansNetGainLossRecognizedInNetPeriodicBenefitCostNetOfTax,,,,,,3000000.000,0.000,,6000000.000,6000000.000,,,,,,,,,,,,,,,,
OtherComprehensiveIncomeUnrealizedGainLossOnDerivativesArisingDuringPeriodNetOfTax,,,,,25000000.000,-48000000.000,31000000.000,6000000.000,0.000,-28000000.000,-4000000.000,2000000.000,9000000.000,12000000.000,-3000000.000,2000000.000,105000000.000,-37000000.000,-8000000.000,31000000.000,-32000000.000,38000000.000,-7000000.000,104000000.000,-13000000.000,-49000000.000
OtherComprehensiveIncomeUnrealizedHoldingGainLossOnSecuritiesArisingDuringPeriodNetOfTax,,,,,43000000.000,-5000000.000,-15000000.000,-29000000.000,54000000.000,3000000.000,38000000.000,45000000.000,-11000000.000,9000000.000,-6000000.000,23000000.000,0.000,0.000,0.000,0.000,,,,,,
OtherNoncashIncomeExpense,,,,,-7000000.000,,,,33000000.000,,,,24000000.000,,,,102000000.000,,,,-86000000.000,,,,-14000000.000,
OtherNonoperatingExpense,,,,,-1000000.000,1000000.000,-1000000.000,3000000.000,,1000000.000,4000000.000,,2000000.000,0.000,1000000.000,6000000.000,,,,,,,,,,
OtherNonoperatingIncome,,,,,,,,,4000000.000,,,,,,,,,,,,,,,,,
OtherNonoperatingIncomeExpense,29000000.000,22000000.000,21000000.000,12000000.000,15000000.000,23000000.000,16000000.000,16000000.000,28000000.000,24000000.000,1000000.000,185000000.000,117000000.000,21000000.000,21000000.000,146000000.000,20000000.000,20000000.000,24000000.000,4000000.000,18000000.000,-1000000.000,180000000.000,-95000000.000,12000000.000,10000000.000
OtherPostretirementBenefitExpense,-18000000.000,45000000.000,82000000.000,-23000000.000,-23000000.000,9000000.000,20000000.000,,,,,,,,,,,,,,,,,,,
OtherRestructuringCosts,0.000,-3000000.000,-2000000.000,5000000.000,,0.000,0.000,,,,,,,,,,,,,,,,,,,
PaymentsForProceedsFromOtherInvestingActivities,-31000000.000,,,,-22000000.000,,,,33000000.000,,,,-61000000.000,,,,178000000.000,,,,-9000000.000,,,,29000000.000,
PaymentsForRepurchaseOfCommonStock,,,,,,,,,139000000.000,,,,320000000.000,,,,363000000.000,,,,1156000000.000,,,,310000000.000,
PaymentsForRepurchaseOfRedeemableNoncontrollingInterest,,,,,,,,,,,,,,,,,,,,,238000000.000,,,,0.000,
PaymentsForRestructuring,109000000.000,,,,104000000.000,,,,98000000.000,,,,37000000.000,,,,27000000.000,,,,54000000.000,,,,54000000.000,
PaymentsOfDebtIssuanceCosts,19000000.000,,,,,,,,,,,,,,,,,,,,,,,,,
PaymentsOfDividendsCommonStock,264000000.000,,,,291000000.000,,,,322000000.000,,,,363000000.000,,,,415000000.000,,,,499000000.000,,,,503000000.000,
PaymentsToAcquireBusinessesAndInterestInAffiliates,7000000.000,,,,1000000.000,,,,122000000.000,,,,0.000,,,,185000000.000,,,,1056000000.000,,,,0.000,
PaymentsToAcquireInvestments,164000000.000,,,,84000000.000,,,,174000000.000,,,,631000000.000,,,,1501000000.000,,,,836000000.000,,,,1256000000.000,
PaymentsToAcquirePropertyPlantAndEquipment,124000000.000,,,,,,,,,,,,192000000.000,,,,165000000.000,,,,194000000.000,,,,168000000.000,
PensionAndOtherPostretirementBenefitContributions,1037000000.000,,,,289000000.000,,,,171000000.000,,,,36000000.000,,,,9000000.000,,,,38000000.000,,,,24000000.000,
PensionAndOtherPostretirementBenefitExpense,54000000.000,,,,36000000.000,,,,1000000.000,,,,-49000000.000,,,,-91000000.000,,,,-159000000.000,,,,-183000000.000,
PensionContributions,,,,,256000000.000,267000000.000,256000000.000,,,,,,,,,,,,,,,,,,,
PensionExpense,-36000000.000,-22000000.000,-26000000.000,-21000000.000,-13000000.000,9000000.000,7000000.000,,,,,,,,,,,,,,,,,,,
ProceedsFromDivestitureOfBusinesses,217000000.000,,,,0.000,,,,,,,,,,,,2000000.000,,,,0.000,,,,,
ProceedsFromIssuanceOfLongTermDebt,1400000000.000,,,,,,,,,,,,,,,,,,,,,,,,,
ProceedsFromIssuanceOfLongTermDebtAndCapitalSecuritiesNet,1381000000.000,,,,2000000.000,,,,7000000.000,,,,25000000.000,,,,3000000.000,,,,4448000000.000,,,,11000000.000,
ProceedsFromIssuanceOrSaleOfEquity,101000000.000,,,,90000000.000,,,,164000000.000,,,,92000000.000,,,,78000000.000,,,,105000000.000,,,,221000000.000,
ProceedsFromPaymentsForOtherFinancingActivities,,,,,,,,,,,,,,,,,,,,,18000000.000,,,,-33000000.000,
ProceedsFromRepaymentsOfCommercialPaper,,,,,,,,,,,,,1100000000.000,,,,1048000000.000,,,,,,,,,
ProceedsFromRepaymentsOfShortTermDebt,,,,,,,,,,,,,-10000000.000,,,,4000000.000,,,,,,,,,
ProceedsFromSaleMaturityAndCollectionsOfInvestments,62000000.000,,,,92000000.000,,,,166000000.000,,,,410000000.000,,,,1106000000.000,,,,880000000.000,,,,825000000.000,
ProceedsFromSaleOfPropertyPlantAndEquipment,1000000.000,,,,1000000.000,,,,0.000,,,,7000000.000,,,,1000000.000,,,,1000000.000,,,,24000000.000,
ProceedsFromShortTermDebt,,,,,,,,,,,,,,,,,,,,,,,,,2468000000.000,
ProfitLoss,708000000.000,810000000.000,863000000.000,-307000000.000,825000000.000,905000000.000,946000000.000,255000000.000,969000000.000,1022000000.000,1007000000.000,964000000.000,1036000000.000,1126000000.000,1192000000.000,975000000.000,1146000000.000,1222000000.000,1276000000.000,1203000000.000,1196000000.000,1290000000.000,1248000000.000,1112000000.000,1332000000.000,1400000000.000
ReclassificationFromAccumulatedOtherComprehensiveIncomeCurrentPeriodNetOfTax,,,,,,,,,,,,,-63000000.000,,,,-24000000.000,,,,-10000000.000,,,,-37000000.000,
RepaymentsOfAssumedDebt,0.000,,,,,,,,,,,,,,,,,,,,,,,,,
RepaymentsOfLongTermDebtAndCapitalSecurities,437000000.000,,,,0.000,,,,600000000.000,,,,602000000.000,,,,35000000.000,,,,419000000.000,,,,5000000.000,
RepaymentsOfShortTermDebt,,,,,,,,,,,,,,,,,,,,,,,,,2467000000.000,
RestructuringAndRelatedCostIncurredCost,44000000.000,7000000.000,298000000.000,5000000.000,25000000.000,24000000.000,2000000.000,2000000.000,33000000.000,61000000.000,22000000.000,85000000.000,82000000.000,14000000.000,21000000.000,29000000.000,39000000.000,34000000.000,34000000.000,56000000.000,20000000.000,53000000.000,171000000.000,16000000.000,29000000.000,117000000.000
RestructuringCharges,133000000.000,94000000.000,410000000.000,106000000.000,122000000.000,134000000.000,100000000.000,87000000.000,128000000.000,171000000.000,120000000.000,244000000.000,214000000.000,,,,,,,,37000000.000,,,,23000000.000,
RestructuringCosts,133000000.000,,,,122000000.000,,,,128000000.000,,,,214000000.000,,,,131000000.000,,,,125000000.000,,,,129000000.000,
RestructuringReserveAccrualAdjustment,-4000000.000,,,,-7000000.000,,,,-7000000.000,,,,-6000000.000,,,,-7000000.000,,,,,,,,,
RestructuringReserveAccrualAdjustment1,,,,,,,,,,,,,,,,,,,,,,,,,-2000000.000,
RestructuringReservePeriodExpense,48000000.000,,,,32000000.000,,,,,,,,,,,,,,,,,,,,,
RestructuringReservePeriodIncreaseDecrease,,,,,,,,,,,,,,117000000.000,122000000.000,,131000000.000,,,,,,,,,
RestructuringReserveSettledWithCash,-42000000.000,,,,-47000000.000,,,,31000000.000,,,,,,,,,,,,,,,,,
RestructuringReserveSettledWithoutCash,-10000000.000,,,,-9000000.000,,,,0.000,,,,,,,,,,,,,,,,,
RestructuringReserveSettledWithoutCash1,,,,,,,,,,,,,9000000.000,,,,8000000.000,,,,,,,,,
RestructuringReserveSettledWithoutCash2,,,,,,,,,,,,,,,,,,,,,,,,,2000000.000,
RestructuringReserveTranslationAdjustment,3000000.000,,,,-1000000.000,,,,-6000000.000,,,,1000000.000,,,,-11000000.000,,,,6000000.000,,,,5000000.000,
RestructuringReserveTranslationAndOtherAdjustment,,,,,,,,,,-4000000.000,-2000000.000,,-2000000.000,0.000,0.000,0.000,0.000,0.000,0.000,0.000,,,-18000000.000,,,
Revenues,8909000000.000,9086000000.000,9298000000.000,9236000000.000,9307000000.000,9435000000.000,9342000000.000,,9328000000.000,9693000000.000,9647000000.000,10387000000.000,9679000000.000,10253000000.000,10108000000.000,10266000000.000,9213000000.000,9775000000.000,9611000000.000,9982000000.000,9522000000.000,9991000000.000,9804000000.000,9985000000.000,9492000000.000,10078000000.000
SalesRevenueGoodsNet,7050000000.000,7146000000.000,7308000000.000,7241000000.000,7377000000.000,7475000000.000,7332000000.000,7628000000.000,7474000000.000,7744000000.000,7693000000.000,8303000000.000,7845000000.000,8278000000.000,8090000000.000,8185000000.000,7364000000.000,7798000000.000,7573000000.000,7960000000.000,7619000000.000,8035000000.000,7744000000.000,7964000000.000,7540000000.000,8079000000.000
SalesRevenueNet,8909000000.000,9086000000.000,9298000000.000,9236000000.000,9307000000.000,9435000000.000,9342000000.000,,9328000000.000,9693000000.000,9647000000.000,10387000000.000,9679000000.000,10253000000.000,10108000000.000,10266000000.000,9213000000.000,9775000000.000,9611000000.000,9982000000.000,9522000000.000,9991000000.000,9804000000.000,9985000000.000,9492000000.000,10078000000.000
SalesRevenueServicesNet,1859000000.000,1940000000.000,1990000000.000,1995000000.000,1930000000.000,1960000000.000,2010000000.000,1953000000.000,1854000000.000,1949000000.000,1954000000.000,2084000000.000,1834000000.000,1975000000.000,2018000000.000,2081000000.000,1849000000.000,1977000000.000,2038000000.000,2022000000.000,1903000000.000,1956000000.000,2060000000.000,2021000000.000,1952000000.000,1999000000.000
SegmentReportingInformationProfitLoss,1290000000.000,1301000000.000,,,,,,,,,,,,,,,,,,,,,,,,
SellingGeneralAndAdministrativeExpense,1254000000.000,1248000000.000,1303000000.000,1594000000.000,1231000000.000,1226000000.000,1238000000.000,1523000000.000,1229000000.000,1281000000.000,1242000000.000,1438000000.000,1339000000.000,1375000000.000,1344000000.000,1460000000.000,1230000000.000,1242000000.000,1202000000.000,1332000000.000,1280000000.000,1329000000.000,1367000000.000,1493000000.000,1349000000.000,1381000000.000
ShareBasedCompensation,49000000.000,,,,51000000.000,,,,54000000.000,,,,52000000.000,,,,52000000.000,,,,53000000.000,,,,50000000.000,
StockRepurchasedDuringPeriodValue,0.000,,,,,,,,,,,,,,,,,,,,,,,,,
WeightedAverageNumberOfDilutedSharesOutstanding,797700000.000,797300000.000,786900000.000,-1590300000.000,788100000.000,790500000.000,792500000.000,-1579200000.000,797100000.000,798100000.000,797100000.000,-1595000000.000,796400000.000,795400000.000,795000000.000,-1591600000.000,794000000.000,792900000.000,789500000.000,-1587100000.000,776900000.000,772400000.000,774400000.000,-1548400000.000,773900000.000,774000000.000
WeightedAverageNumberOfSharesIssuedBasic,785500000.000,785000000.000,778200000.000,-1567900000.000,777300000.000,781400000.000,,,,,,,,,,,,,,,,,,,,
WeightedAverageNumberOfSharesOutstandingBasic,,,,,,,783600000.000,,785800000.000,787600000.000,786300000.000,-1573300000.000,784900000.000,784500000.000,784500000.000,-1569500000.000,783800000.000,783300000.000,780400000.000,-1567700000.000,767900000.000,763300000.000,763700000.000,-1530600000.000,763100000.000,764200000.000
