,2011-03-31,2011-06-30,2011-12-31,2012-03-31,2012-06-30,2012-09-30,2012-12-31,2013-03-31,2013-06-30,2013-09-30,2013-12-31,2014-03-31,2014-06-30,2014-09-30,2014-12-31,2015-03-31,2015-06-30,2015-09-30,2015-12-31,2016-03-31,2016-06-30,2016-09-30,2016-12-31,2017-03-31
AdjustmentsRelatedToTaxWithholdingForShareBasedCompensation,,,,,,,,,,,,,,,,,,,,,,,3000000.000,
AdjustmentsToAdditionalPaidInCapitalShareBasedCompensationRestrictedStockUnitsRequisiteServicePeriodRecognition,,,,,,,,,,,,,,,,,,,,,,,0.000,
AdjustmentsToAdditionalPaidInCapitalSharebasedCompensationAndExerciseOfStockOptions,,,,,,,,,,,,,,,,,,,0.000,,,,26200000.000,
AdjustmentsToAdditionalPaidInCapitalSharebasedCompensationRequisiteServicePeriodRecognitionValue,,,,,,,,,,,4900000.000,,,,5000000.000,,,,5300000.000,,,,6500000.000,
AdjustmentsToAdditionalPaidInCapitalTaxEffectFromShareBasedCompensation,,,,,,,,,,,5000000.000,,,,4000000.000,,,,100000.000,,,,,
AllocatedShareBasedCompensationExpense,,3100000.000,4400000.000,5800000.000,3400000.000,13500000.000,6400000.000,12300000.000,4400000.000,16000000.000,5900000.000,10100000.000,5200000.000,6000000.000,6500000.000,6800000.000,4100000.000,4000000.000,6000000.000,6500000.000,6100000.000,4400000.000,7900000.000,6500000.000
AllocatedShareBasedCompensationExpenseNetOfTax,,1900000.000,2800000.000,3700000.000,2100000.000,8600000.000,4100000.000,7800000.000,2700000.000,10100000.000,3700000.000,6400000.000,3300000.000,3800000.000,4100000.000,4300000.000,2600000.000,2500000.000,3800000.000,4100000.000,3800000.000,2900000.000,5000000.000,4100000.000
AmortizationOfIntangibleAssets,15000000.000,,,,,,14400000.000,14500000.000,13900000.000,13800000.000,13900000.000,13800000.000,13900000.000,13700000.000,13500000.000,13300000.000,13200000.000,13200000.000,13200000.000,13200000.000,13100000.000,13000000.000,12500000.000,11100000.000
AntidilutiveSecuritiesExcludedFromComputationOfEarningsPerShareAmount,,2339123.000,,,,,,,1130650.000,,638200.000,0.000,4000.000,,1167791.000,1144416.000,253675.000,,1697145.000,1656741.000,1050269.000,,393975.000,389950.000
CashAndCashEquivalentsPeriodIncreaseDecrease,,,,,,,-85000000.000,,,,-174800000.000,,,,-202800000.000,,,,-9200000.000,,,,47700000.000,
CommonStockDividendsPerShareDeclared,,,,,,,,,,,0.150,0.150,0.150,,0.170,0.170,0.170,,0.190,0.190,0.190,,0.210,0.210
ComprehensiveIncomeNetOfTax,,,,,,,56100000.000,77500000.000,146500000.000,124700000.000,58800000.000,74300000.000,100400000.000,21200000.000,11600000.000,2000000.000,103700000.000,,4100000.000,75200000.000,72100000.000,,-10400000.000,
ComprehensiveIncomeNetOfTaxAttributableToNoncontrollingInterest,,,,,,,0.000,0.000,0.000,0.000,,,,,,,,,,,,,,
ComprehensiveIncomeNetOfTaxIncludingPortionAttributableToNoncontrollingInterest,,,,,,,56100000.000,77500000.000,146500000.000,124700000.000,58800000.000,74300000.000,100400000.000,21200000.000,11600000.000,2000000.000,103700000.000,37000000.000,4100000.000,75200000.000,72100000.000,34400000.000,-10400000.000,55800000.000
CostOfRevenue,1464500000.000,1750900000.000,1656100000.000,1835900000.000,1903200000.000,1794700000.000,1514700000.000,1681000000.000,1818900000.000,1458700000.000,1275100000.000,1386700000.000,1585500000.000,1378200000.000,1123600000.000,1278400000.000,1328300000.000,1328600000.000,1069200000.000,1265000000.000,1432900000.000,1456300000.000,1011700000.000,1357000000.000
DeferredIncomeTaxExpenseBenefit,,,700000.000,,,,,,,,,,,,,,,,,,,,,
DefinedContributionPlanCostRecognized,,,,,,,,8100000.000,7300000.000,,,,,,,,,,,,,,,
Depreciation,,,17600000.000,,,,15800000.000,,,,15700000.000,15500000.000,17000000.000,17100000.000,16100000.000,16200000.000,16100000.000,16500000.000,17100000.000,18700000.000,18400000.000,19100000.000,18900000.000,20400000.000
DepreciationDepletionAndAmortization,,,33700000.000,,,,31400000.000,,,,30800000.000,,,,30500000.000,,,,31000000.000,,,,32100000.000,
DerivativeGainLossOnDerivativeNet,,,,,,,,,,,,,,,,,,,,-4700000.000,0.000,,3200000.000,-1700000.000
DerivativeInstrumentsGainLossRecognizedInIncomeNet,,-6300000.000,-5100000.000,-4000000.000,3800000.000,-2200000.000,-2000000.000,2100000.000,1100000.000,,,,,,,,,,,,,,,
DiscontinuedOperationIncomeLossFromDiscontinuedOperationDuringPhaseOutPeriodBeforeIncomeTax,,,,,,,,1000000.000,600000.000,,,,,,,,,,,,,,,
DiscontinuedOperationIncomeLossFromDiscontinuedOperationDuringPhaseOutPeriodNetOfTax,,,,,,,,600000.000,300000.000,,,,,,,,,,,,,,,
DiscontinuedOperationTaxEffectOfDiscontinuedOperation,,,,,,,,400000.000,300000.000,,,,,,,,,,,,,,,
DisposalGroupIncludingDiscontinuedOperationCostsOfGoodsSold,,,,,,,,7900000.000,-200000.000,,,,,,,,,,,,,,,
DisposalGroupIncludingDiscontinuedOperationGrossProfitLoss,,,,,,,,1100000.000,600000.000,,,,,,,,,,,,,,,
DisposalGroupIncludingDiscontinuedOperationOperatingExpense,,,,,,,,0.000,0.000,,,,,,,,,,,,,,,
DisposalGroupIncludingDiscontinuedOperationOperatingIncomeLoss,,,,,,,,1100000.000,600000.000,,,,,,,,,,,,,,,
DisposalGroupIncludingDiscontinuedOperationRevenue,,,,,,,,9000000.000,400000.000,,,,,,,,,,,,,,,
DividendsCommonStockCash,,,,,,,,,,,-12800000.000,,,,-13400000.000,,,,14100000.000,,,,15600000.000,
EarningsPerShareBasic,0.750,0.750,0.430,0.410,0.830,0.850,0.510,0.990,1.690,0.410,0.640,0.840,1.240,0.940,,,,,,,,,,
EarningsPerShareDiluted,0.740,0.750,0.420,0.410,0.820,0.860,0.510,0.970,1.670,0.400,0.630,0.830,1.220,0.930,,,,,,,,,,
EffectOfExchangeRateOnCashAndCashEquivalents,,,,,,,200000.000,,,,-300000.000,,,,0.000,,,,2400000.000,,,,-1700000.000,
EffectOfExchangeRateOnCashAndCashEquivalentsContinuingOperations,,,4000000.000,,,,,,,,,,,,,,,,,,,,,
EffectiveIncomeTaxRateContinuingOperations,,,0.224,,,,0.315,,,,0.312,0.246,0.347,-0.615,0.319,0.357,0.281,-0.653,0.106,0.270,0.366,-0.441,0.218,0.350
EffectiveIncomeTaxRateReconciliationChangeInDeferredTaxAssetsValuationAllowance,,,,,,,,,,,-0.006,0.130,,,,,,,,,,,,
EffectiveIncomeTaxRateReconciliationPriorYearIncomeTaxes,,,0.066,,,,,,,,2.300,0.018,,,0.024,,,,,,,,,
EffectiveIncomeTaxRateReconciliationTaxCreditsResearch,,,,,,,,,,,-0.015,,,,,,,,,,,,,
EquityMethodInvestmentDividendsOrDistributions,,,,,,,,,,,,,,,2800000.000,,,,,,,,,
ExcessTaxBenefitFromShareBasedCompensationFinancingActivities,,,,,,,,,,,,,,,4000000.000,,,,800000.000,,,,0.000,
ExtendedProductWarrantyAccrualPeriodIncreaseDecrease,,,,,,,,,,,,,,,,,,,2600000.000,,,,2800000.000,
ExtendedProductWarrantyAccrualPreexistingIncreaseDecrease,,,,,,,,,,,,,,,,,,,-2600000.000,,,,-2900000.000,
FinancingReceivableAllowanceForCreditLossesWriteOffs,,-200000.000,,,,,0.000,400000.000,600000.000,400000.000,0.000,200000.000,100000.000,500000.000,-100000.000,300000.000,1700000.000,300000.000,300000.000,100000.000,0.000,1500000.000,300000.000,1200000.000
FiniteLivedIntangibleAssetsAmortizationExpense,,15200000.000,14900000.000,14800000.000,14200000.000,13800000.000,,,,,,,,,,,,,,,,,,
ForeignCurrencyTransactionGainLossBeforeTax,,,,,,,,,,,,,,,,,,,4100000.000,,,,-400000.000,
FutureAmortizationExpenseRemainderOfFiscalYear,,,43900000.000,,,,,,,,,,,,,,,,,,,,,
FutureAmortizationExpenseYearFive,,,45600000.000,,,,,,,,,,,,,,,,,,,,,
FutureAmortizationExpenseYearFour,,,53500000.000,,,,,,,,,,,,,,,,,,,,,
FutureAmortizationExpenseYearOne,,,56800000.000,,,,,,,,,,,,,,,,,,,,,
FutureAmortizationExpenseYearThree,,,54000000.000,,,,,,,,,,,,,,,,,,,,,
FutureAmortizationExpenseYearTwo,,,54800000.000,,,,,,,,,,,,,,,,,,,,,
GainLossOnDispositionOfAssets1,,,,,,,,,,,,,,,,,,,5700000.000,,,,300000.000,
GoodwillForeignCurrencyTranslationGainLoss,,,,,,,,,,,,,,,,,,,,,,,-12500000.000,
GoodwillTranslationAdjustments,,,-4900000.000,,,,5100000.000,,,,2100000.000,,,,-9900000.000,,,,-4200000.000,,,,,
GrossProfit,281100000.000,272000000.000,222500000.000,239400000.000,273100000.000,256000000.000,246300000.000,303400000.000,385500000.000,256600000.000,255100000.000,291200000.000,346900000.000,289500000.000,229700000.000,275800000.000,284000000.000,249700000.000,182800000.000,259300000.000,314600000.000,299100000.000,199700000.000,261300000.000
IncomeLossFromContinuingOperations,,,,,,,46500000.000,85900000.000,148400000.000,35500000.000,54900000.000,71500000.000,105100000.000,77800000.000,34700000.000,54600000.000,89900000.000,50300000.000,14600000.000,56100000.000,84200000.000,,19200000.000,44300000.000
IncomeLossFromContinuingOperationsBeforeIncomeTaxesMinorityInterestAndIncomeLossFromEquityMethodInvestments,112100000.000,105100000.000,49700000.000,59600000.000,105600000.000,71800000.000,66900000.000,120000000.000,207400000.000,50700000.000,79100000.000,93400000.000,161400000.000,98000000.000,50800000.000,82800000.000,123800000.000,68700000.000,16200000.000,75300000.000,132300000.000,83200000.000,23600000.000,67500000.000
IncomeLossFromContinuingOperationsIncludingPortionAttributableToNoncontrollingInterest,67700000.000,68600000.000,,,,,46500000.000,85900000.000,148400000.000,35500000.000,54900000.000,71500000.000,105100000.000,77800000.000,34700000.000,54600000.000,89900000.000,50300000.000,14600000.000,56100000.000,84200000.000,,19200000.000,
IncomeLossFromContinuingOperationsPerBasicShare,0.750,0.750,,,,,0.510,0.980,1.690,0.400,0.640,0.840,1.240,0.940,0.440,0.700,1.150,0.650,0.200,0.770,1.150,,0.260,0.590
IncomeLossFromContinuingOperationsPerDilutedShare,0.740,0.750,,,,,0.510,0.960,1.670,0.390,0.630,0.830,1.220,0.930,0.430,0.690,1.130,0.650,0.190,0.760,1.130,,0.260,0.580
IncomeLossFromDiscontinuedOperationsNetOfTax,,,,,,,0.000,600000.000,300000.000,800000.000,0.000,0.000,0.000,0.000,,,,,,,,,,
IncomeLossFromDiscontinuedOperationsNetOfTaxAttributableToReportingEntity,,,,,,,0.000,600000.000,300000.000,800000.000,0.000,0.000,0.000,0.000,,,,,,,,,,
IncomeLossFromDiscontinuedOperationsNetOfTaxPerBasicShare,,,,,,,0.000,0.010,0.000,0.010,0.000,0.000,0.000,0.000,,,,,,,,,,
IncomeLossFromDiscontinuedOperationsNetOfTaxPerDilutedShare,,,,,,,0.000,0.010,0.000,0.010,0.000,0.000,0.000,0.000,,,,,,,,,,
IncomeLossFromEquityMethodInvestments,-200000.000,100000.000,700000.000,,1200000.000,,,,,,,,,,,,,,,,,,,
IncomeTaxExpenseBenefit,44200000.000,36600000.000,11100000.000,21600000.000,31100000.000,-6400000.000,21000000.000,34800000.000,59900000.000,16000000.000,24700000.000,22900000.000,56000000.000,21400000.000,16200000.000,29500000.000,34800000.000,18700000.000,1700000.000,20300000.000,48400000.000,22000000.000,5200000.000,23600000.000
IncomeTaxReconciliationChangeInDeferredTaxAssetsValuationAllowance,,,,,,,,,,,,12100000.000,,,,,,,,,,,,
IncomeTaxReconciliationNondeductibleExpenseShareBasedCompensationCost,,,,,,,,,,,,,,,,,,,,,,,,-1800000.000
IncomeTaxReconciliationPriorYearIncomeTaxes,,,,,,,,,,,,1700000.000,,,,,,,,3500000.000,,,,
IncomeTaxReconciliationRepatriationOfForeignEarnings,,,,,,,,,,,,,,,,,,,,,900000.000,,,
IncomeTaxReconciliationTaxContingenciesOther,,,,,,,,,,,,,,,,,,,1300000.000,,,,,
IncomeTaxReconciliationTaxSettlementsStateAndLocal,,,,,,,,,,,,,,,,,,,,,300000.000,,,
IncomeTaxesPaidNet,,,11300000.000,,,,47200000.000,,,,9900000.000,,,,10200000.000,,,,26500000.000,,,,22500000.000,
IncreaseDecreaseInOperatingCapital,,,13900000.000,,,,30700000.000,,,,82700000.000,,,,126600000.000,,,,-31400000.000,,,,-16700000.000,
IncrementalCommonSharesAttributableToParticipatingNonvestedSharesWithNonForfeitableDividendRights,,,,,,,,,-260326.000,,-193181.000,-208409.000,-215972.000,,-109310.000,-115163.000,119450.000,,0.000,0.000,0.000,,,
IncrementalCommonSharesAttributableToShareBasedPaymentArrangements,,658761.000,585278.000,583987.000,507158.000,-1113915.000,878606.000,1454176.000,1396076.000,-2262128.000,1607395.000,1679070.000,1489220.000,-3235398.000,1105166.000,1102424.000,1185651.000,-2291938.000,789798.000,743045.000,876338.000,-1546283.000,1104540.000,1086846.000
InterestAndDebtExpense,21700000.000,21200000.000,20600000.000,18200000.000,18500000.000,18700000.000,16700000.000,16400000.000,16600000.000,16300000.000,16200000.000,27000000.000,14100000.000,14100000.000,14400000.000,28800000.000,13200000.000,13700000.000,14600000.000,15600000.000,15800000.000,14400000.000,14700000.000,15100000.000
InterestIncomeExpenseNet,,-20400000.000,-20000000.000,-17600000.000,-18100000.000,-18400000.000,-14200000.000,-14700000.000,-13500000.000,-12200000.000,-15700000.000,-26500000.000,-13700000.000,-13500000.000,-13600000.000,-28200000.000,-12600000.000,-13200000.000,-14100000.000,-15100000.000,-15300000.000,-13800000.000,-13900000.000,-14100000.000
InterestPaidNet,,,9800000.000,,,,4700000.000,,,,4400000.000,,,,4500000.000,,,,6000000.000,,,,6600000.000,
InvestmentIncomeInterest,1000000.000,800000.000,600000.000,600000.000,400000.000,300000.000,2500000.000,1700000.000,3100000.000,4100000.000,500000.000,500000.000,400000.000,600000.000,800000.000,600000.000,600000.000,500000.000,500000.000,500000.000,500000.000,600000.000,800000.000,1000000.000
NetCashProvidedByUsedInContinuingOperations,,,11800000.000,,,,,,,,,,,,,,,,,,,,,
NetCashProvidedByUsedInFinancingActivities,,,-39900000.000,,,,-124400000.000,,,,-153500000.000,,,,-100300000.000,,,,-65200000.000,,,,-12400000.000,
NetCashProvidedByUsedInFinancingActivitiesContinuingOperations,,,-39900000.000,,,,-124400000.000,,,,-153500000.000,,,,-100300000.000,,,,-65200000.000,,,,-12400000.000,
NetCashProvidedByUsedInInvestingActivities,,,-14200000.000,,,,-5900000.000,,,,-25700000.000,,,,-50200000.000,,,,-18200000.000,,,,-22000000.000,
NetCashProvidedByUsedInInvestingActivitiesContinuingOperations,,,-14200000.000,,,,-5900000.000,,,,-25700000.000,,,,-50200000.000,,,,-18200000.000,,,,-22000000.000,
NetCashProvidedByUsedInOperatingActivities,,,61900000.000,,,,45100000.000,,,,4700000.000,,,,-52300000.000,,,,71800000.000,,,,83800000.000,
NetCashProvidedByUsedInOperatingActivitiesContinuingOperations,,,61900000.000,,,,45100000.000,,,,4700000.000,,,,-52300000.000,,,,71800000.000,,,,83800000.000,
NetIncomeLoss,67900000.000,68400000.000,,,,,46500000.000,86500000.000,148700000.000,36300000.000,54900000.000,71500000.000,105100000.000,77800000.000,,,,,,,,,,
NetIncomeLossAttributableToNoncontrollingInterest,-200000.000,200000.000,400000.000,700000.000,,,0.000,0.000,0.000,0.000,,,,,,,,,,,,,,
NetIncomeLossAvailableToCommonStockholdersBasic,,,38900000.000,37300000.000,75700000.000,78000000.000,46200000.000,85400000.000,147800000.000,36600000.000,54700000.000,71200000.000,104700000.000,77500000.000,34600000.000,54500000.000,89700000.000,50200000.000,14600000.000,56100000.000,84200000.000,61500000.000,,
OperatingExpenses,148700000.000,146000000.000,147200000.000,163500000.000,148600000.000,165700000.000,165500000.000,168800000.000,159900000.000,191900000.000,158600000.000,171800000.000,172600000.000,176400000.000,164000000.000,166100000.000,147400000.000,163100000.000,152500000.000,167900000.000,167800000.000,203600000.000,163500000.000,180900000.000
OperatingIncomeLoss,132400000.000,126000000.000,75300000.000,75900000.000,124500000.000,90300000.000,80800000.000,134600000.000,225600000.000,64700000.000,96500000.000,119400000.000,174300000.000,113100000.000,65700000.000,109700000.000,136600000.000,86600000.000,30300000.000,91400000.000,146800000.000,95500000.000,36200000.000,80400000.000
OtherComprehensiveIncomeDefinedBenefitPlansTaxPortionAttributableToParent,,,900000.000,,,,-600000.000,,,,-100000.000,,,,100000.000,,,,-300000.000,,,,-500000.000,
OtherComprehensiveIncomeDerivativesQualifyingAsHedgesTaxEffectPeriodIncreaseDecrease,,,800000.000,,,,,,,,,,,,,,,,,,,,,
OtherComprehensiveIncomeForeignCurrencyTransactionAndTranslationGainLossArisingDuringPeriodNetOfTax,,,,,,,8600000.000,-10000000.000,-3400000.000,15000000.000,3700000.000,2500000.000,-600000.000,-39000000.000,-22900000.000,-53100000.000,13200000.000,-10300000.000,-11200000.000,18900000.000,-12600000.000,1900000.000,-30400000.000,10700000.000
OtherComprehensiveIncomeLossBeforeReclassificationsNetOfTax,,,,,,,,,,,3700000.000,2500000.000,-4900000.000,-55500000.000,-22900000.000,-53100000.000,13100000.000,-13600000.000,-11000000.000,18700000.000,-12700000.000,-27700000.000,,
OtherComprehensiveIncomeLossDerivativesQualifyingAsHedgesNetOfTax,,,,,,,,,,,,,,,,,-100000.000,,200000.000,-200000.000,-100000.000,0.000,0.000,0.000
OtherComprehensiveIncomeLossDerivativesQualifyingAsHedgesTax,,,,,,,,,,,,,,,,,,,100000.000,,,,,
OtherComprehensiveIncomeLossNetOfTax,,,,,,,9600000.000,-9000000.000,-2200000.000,88400000.000,3900000.000,2800000.000,-4700000.000,-56600000.000,-23100000.000,-52600000.000,13800000.000,-13300000.000,-10500000.000,19100000.000,-12100000.000,-27100000.000,-29600000.000,11500000.000
OtherComprehensiveIncomeLossPensionAndOtherPostretirementBenefitPlansAdjustmentNetOfTax,,,,,,,-1000000.000,-1000000.000,-1200000.000,-73400000.000,-200000.000,-300000.000,4100000.000,17600000.000,200000.000,-500000.000,-700000.000,3200000.000,-500000.000,-400000.000,-600000.000,29000000.000,-800000.000,-800000.000
OtherComprehensiveIncomeUnrealizedGainLossOnDerivativesArisingDuringPeriodNetOfTax,,,,,,,0.000,0.000,0.000,,,,,,,,,,,,,,,
OtherNoncashIncomeExpense,,,-2100000.000,,,,-400000.000,,,,400000.000,,,,-1500000.000,,,,-900000.000,,,,-800000.000,
OtherNonoperatingIncomeExpense,400000.000,-500000.000,-5600000.000,1300000.000,-800000.000,-100000.000,300000.000,100000.000,-4700000.000,-1800000.000,-1700000.000,500000.000,800000.000,-1600000.000,-1300000.000,1300000.000,-200000.000,-4700000.000,0.000,-1000000.000,800000.000,1500000.000,1300000.000,1200000.000
PaymentsForProceedsFromOtherInvestingActivities,,,300000.000,,,,0.000,,,,300000.000,,,,600000.000,,,,600000.000,,,,200000.000,
PaymentsForRepurchaseOfCommonStock,,,,,,,125100000.000,,,,145500000.000,,,,88100000.000,,,,100100000.000,,,,3000000.000,
PaymentsOfDividends,,,,,,,,,,,,,,,,,,,14100000.000,,,,15600000.000,
PaymentsRelatedToTaxWithholdingForShareBasedCompensation,,,,,,,,,,,,,,,-4700000.000,,,,,,,,,
PaymentsToAcquireEquipmentOnLease,,,3500000.000,,,,1100000.000,,,,9500000.000,,,,13200000.000,,,,15000000.000,,,,12900000.000,
PaymentsToAcquirePropertyPlantAndEquipment,,,14200000.000,,,,8300000.000,,,,14300000.000,,,,39000000.000,,,,21300000.000,,,,14200000.000,
ProceedsFromPaymentsForOtherFinancingActivities,,,-600000.000,,,,0.000,,,,4900000.000,,,,,,,,,,,,,
ProceedsFromRepaymentsOfDebtMaturingInMoreThanThreeMonths,,,,,,,,,,,,,,,,,,,153600000.000,,,,,
ProceedsFromRepaymentsOfShortTermDebtMaturingInThreeMonthsOrLess,,,,,,,,,,,,,,,,,,,,,,,0.000,
ProceedsFromSaleOfOtherProductiveAssets,,,1100000.000,,,,3500000.000,,,,300000.000,,,,2600000.000,,,,18700000.000,,,,5300000.000,
ProceedsFromSaleOfPropertyPlantAndEquipment,,,2700000.000,,,,0.000,,,,,,,,,,,,,,,,,
ProceedsFromShortTermDebtMaturingInMoreThanThreeMonths,,,,,,,,,,,,,,,,,,,,,,,0.000,
ProceedsFromShortTermDebtMaturingInThreeMonthsOrLess,,,,,,,,,,,,,,,,,,,28200000.000,,,,,
ProceedsFromStockOptionsExercised,,,700000.000,,,,700000.000,,,,16100000.000,,,,2200000.000,,,,1400000.000,,,,26200000.000,
ProfitLoss,67700000.000,68600000.000,39300000.000,38000000.000,75700000.000,78900000.000,46500000.000,86500000.000,148700000.000,36300000.000,54900000.000,71500000.000,105100000.000,77800000.000,34700000.000,54600000.000,89900000.000,50300000.000,14600000.000,56100000.000,84200000.000,61500000.000,19200000.000,44300000.000
ProvisionForDoubtfulAccounts,,3600000.000,-1900000.000,-900000.000,-400000.000,5500000.000,,,,,,,,,,,,,,,,,,
ReclassificationFromAccumulatedOtherComprehensiveIncomeCurrentPeriodNetOfTax,,,,,,,,,,,-200000.000,-300000.000,-200000.000,1100000.000,200000.000,-500000.000,-700000.000,-300000.000,-500000.000,-400000.000,-600000.000,-600000.000,,
RepaymentsOfDebtMaturingInMoreThanThreeMonths,,,,,,,,,,,,,,,,,,,135000000.000,,,,20000000.000,
RepaymentsOfLongTermDebt,,,40000000.000,,,,0.000,,,,16200000.000,,,,5000000.000,,,,,,,,,
RestructuringCharges,,-2400000.000,-200000.000,900000.000,,,400000.000,300000.000,1900000.000,100000.000,,,,,,,,,,,,,1100000.000,
RestructuringReservePeriodExpense,,,-200000.000,,,,,,,,,,,,,,,,,,,,,
RestructuringReserveSettledWithCash,,,400000.000,,,,1200000.000,,,,,,,,,,,,,,,,,
RestructuringReserveTranslationAdjustment,,,-100000.000,,,,,,,,,,,,,,,,,,,,,
Revenues,1745600000.000,2022900000.000,1878600000.000,2075300000.000,2176300000.000,2050700000.000,1761000000.000,1984400000.000,2204400000.000,1715300000.000,1530200000.000,1677900000.000,1932400000.000,1667700000.000,1353300000.000,1554200000.000,1612300000.000,1578300000.000,1252000000.000,1524300000.000,1747500000.000,1755400000.000,1211400000.000,1618300000.000
RevenuesFromExternalCustomers,,2022900000.000,1878600000.000,2075300000.000,2176300000.000,2050700000.000,1761000000.000,1984400000.000,2204400000.000,,,,,,,,,,,,,,,
RevenuesFromTransactionsWithOtherOperatingSegmentsOfSameEntity,,,,,,,0.000,0.000,0.000,,,,,,,,,,,,,,,
SalesRevenueNet,1745600000.000,2022900000.000,1878600000.000,2075300000.000,2176300000.000,2050700000.000,1761000000.000,1984400000.000,2204400000.000,1715300000.000,1530200000.000,1677900000.000,1932400000.000,1667700000.000,1353300000.000,1554200000.000,1612300000.000,1578300000.000,1252000000.000,1524300000.000,1747500000.000,1755400000.000,1211400000.000,1618300000.000
SellingGeneralAndAdministrativeExpense,133700000.000,130800000.000,132300000.000,148700000.000,134400000.000,151900000.000,151100000.000,154300000.000,146000000.000,169100000.000,144700000.000,158000000.000,158700000.000,162700000.000,150500000.000,152800000.000,134200000.000,149900000.000,139300000.000,154700000.000,154700000.000,163700000.000,151000000.000,169800000.000
ShareBasedCompensation,,,,,,,,,,,4900000.000,,,,5000000.000,,,,5300000.000,,,,6500000.000,
ShareBasedCompensationArrangementByShareBasedPaymentAwardEquityInstrumentsOtherThanOptionsShareBasedLiabilitiesPaid,,,,,,,,,,,,,,,0.000,,,,,,,,,
StandardProductWarrantyAccrualCurrencyTranslationIncreaseDecrease,,,,,,,-300000.000,,,,900000.000,,,,-500000.000,,,,-500000.000,,,,,
StandardProductWarrantyAccrualForeignCurrencyTranslationGainLoss,,,,,,,,,,,,,,,,,,,,,,,1000000.000,
StandardProductWarrantyAccrualPayments,,,10700000.000,,,,12900000.000,,,,14600000.000,,,,12800000.000,,,,13900000.000,,,,11900000.000,
StandardProductWarrantyAccrualPreexistingIncreaseDecrease,,,2100000.000,,,,-1000000.000,,,,2700000.000,,,,-1000000.000,,,,-600000.000,,,,-1100000.000,
StandardProductWarrantyAccrualWarrantiesIssued,,,12800000.000,,,,9700000.000,,,,10800000.000,,,,6700000.000,,,,10000000.000,,,,10700000.000,
StockIssuedDuringPeriodValueStockOptionsExercised,,,,,,,,,,,16100000.000,,,,2200000.000,,,,1400000.000,,,,,
StockIssuedDuringPeriodValueTreasuryStockReissued,,,,,,,,,,,,,,,,,,,1400000.000,,,,,
StockholdersEquityOther,,,,,,,,,,,1500000.000,,,,-100000.000,,,,,,,,-100000.000,
TreasuryStockSharesAcquired,,,,,,,4250072.000,4250072.000,,,9066436.000,,,,,,,,,,,,0.000,
TreasuryStockValueAcquiredCostMethod,,,,,,,125100000.000,125100000.000,,,145500000.000,,,,88100000.000,,,,100100000.000,,,,,
UndistributedEarningsAllocatedToParticipatingSecurities,,,,,,,300000.000,500000.000,-900000.000,2100000.000,-200000.000,-300000.000,-400000.000,,,,,,,,,,,
UndistributedEarningsLossAllocatedToParticipatingSecuritiesBasic,,,,,,,,,,,,,,,-100000.000,-100000.000,-200000.000,900000.000,0.000,0.000,0.000,0.000,,
UnrecognizedTaxBenefitsDecreasesResultingFromCurrentPeriodTaxPositions,,,,,,,,,,,,,,,,,,,,,600000.000,,,
UnrecognizedTaxBenefitsIncomeTaxPenaltiesAndInterestExpense,,,-600000.000,,,,700000.000,,,,800000.000,,,,1000000.000,,,,800000.000,,,,-400000.000,
UnrecognizedTaxBenefitsReductionsResultingFromLapseOfApplicableStatuteOfLimitations,,,,,,,,,,,,,,,,,,,,800000.000,,,,
WeightedAverageNumberOfDilutedSharesOutstanding,,91689608.000,91771625.000,91943562.000,91925095.000,-183747139.000,91181797.000,88566349.000,88246326.000,-179040924.000,86726540.000,85507064.000,85909065.000,-172685034.000,79845196.000,78994740.000,79184077.000,-159042595.000,74853216.000,73861340.000,74266962.000,-148548600.000,75384917.000,75783462.000
WeightedAverageNumberOfSharesOutstandingBasic,,91030847.000,91186347.000,91359575.000,91417937.000,-182633224.000,90303191.000,87112173.000,87110576.000,-176799049.000,85312326.000,84036403.000,84635817.000,-169860597.000,78849340.000,78007479.000,78117876.000,-156984263.000,74063418.000,73118295.000,73390624.000,-147002317.000,74280377.000,74696616.000
