,2011-06-30,2011-09-30,2012-03-31,2012-06-30,2012-09-30,2012-12-31,2013-03-31,2013-06-30,2013-09-30,2013-12-31,2014-03-31
AllocatedShareBasedCompensationExpense,,,,0.000,0.000,,1100000.000,4710000.000,66000.000,-284000.000,69000.000
AmortizationOfIntangibleAssets,,,124000.000,100000.000,,,165000.000,,,,
BrokerageCommissionsRevenue,4109000.000,231000.000,19151000.000,16197000.000,17830000.000,18240000.000,10181000.000,,,,
CashAndCashEquivalentsPeriodIncreaseDecrease,,,-3984000.000,,,,-4456000.000,,,,6113000.000
CommunicationsAndInformationTechnology,3903000.000,3614000.000,3319000.000,3160000.000,3224000.000,3103000.000,3147000.000,288000.000,280000.000,-2534000.000,164000.000
CostsAndExpenses,73636000.000,132949000.000,70025000.000,76398000.000,48354000.000,62171000.000,40428000.000,6360000.000,11599000.000,-28845000.000,5062000.000
DeferredIncomeTaxExpenseBenefit,,,3697000.000,,,,,,,,
DepreciationAmortizationAndAccretionNet,,,487000.000,500000.000,500000.000,,,,,,
DepreciationNonproduction,,,,,,,439000.000,300000.000,,,13000.000
DerivativeInstrumentsGainLossRecognizedInIncomeNet,,,,-4200000.000,-6300000.000,,1600000.000,,,,
DiscontinuedOperationIncomeLossFromDiscontinuedOperationBeforeIncomeTax,,,,,,,-4308000.000,-54567000.000,-5728000.000,-8217000.000,-469000.000
DiscontinuedOperationTaxEffectOfDiscontinuedOperation,,,,,,,,,,,48000.000
DisposalGroupIncludingDiscontinuedOperationOperatingExpense,,,,,,,8792000.000,,,,
DisposalGroupIncludingDiscontinuedOperationRevenue,,,,,,,4484000.000,,,,
EarningsPerShareBasic,-0.090,-0.650,-0.040,-0.510,-0.020,-0.080,-0.150,-10.020,-2.770,-3.320,-0.780
EarningsPerShareDiluted,-0.090,-0.650,-0.040,-0.510,-0.020,-0.080,-0.150,-10.020,-2.770,-3.320,-0.780
EffectiveIncomeTaxRateContinuingOperations,,,,-0.915,0.442,,,,,,
EffectiveIncomeTaxRateReconciliationAtFederalStatutoryIncomeTaxRate,,,,0.350,,,0.350,,,,
EffectiveIncomeTaxRateReconciliationChangeInDeferredTaxAssetsValuationAllowance,,,,-1.010,,,,,,,
EffectiveIncomeTaxRateReconciliationNondeductibleExpenseImpairmentLosses,,,,-0.250,,,,,,,
ExcessTaxBenefitFromShareBasedCompensationFinancingActivities,,,8000.000,,,,,,,,
FairValueAssetsMeasuredOnRecurringBasisChangeInUnrealizedGainLossIncludedInTradingRevenue,,,,-873000.000,2900000.000,,176000.000,-542000.000,,,
FairValueMeasurementWithUnobservableInputsReconciliationRecurringBasisAssetGainLossIncludedInEarnings1,,,,-4331000.000,2946000.000,,119000.000,-1294000.000,,,
FairValueMeasurementWithUnobservableInputsReconciliationRecurringBasisAssetPurchases,,,,34330000.000,24198000.000,,947000.000,,,,
FairValueMeasurementWithUnobservableInputsReconciliationRecurringBasisAssetSales,,,,59878000.000,17871000.000,,1110000.000,109000.000,,,
FairValueMeasurementWithUnobservableInputsReconciliationRecurringBasisAssetSettlements,,,,1597000.000,2392000.000,,976000.000,,,,
FairValueMeasurementWithUnobservableInputsReconciliationRecurringBasisAssetTransfersNet,,,,-2101000.000,,,,,,,
FloorBrokerageExchangeAndClearanceFees,5871000.000,8946000.000,12993000.000,8695000.000,9461000.000,9132000.000,1009000.000,,,,
GoodwillAndIntangibleAssetImpairment,14311000.000,80244000.000,,21096000.000,,,,,,,
GoodwillImpairmentLoss,,,,21096000.000,,,,,,,
GoodwillPeriodIncreaseDecrease,,,,-21096000.000,,,,,,,
ImpairmentOfIntangibleAssetsFinitelived,,,,,,,587000.000,,,,
ImpairmentOfLongLivedAssetsToBeDisposedOf,,,,,,,,3500000.000,500000.000,,
IncomeLossFromContinuingOperations,,,-4716000.000,-60809000.000,-2801000.000,-9629000.000,-13663000.000,-6928000.000,-11418000.000,5482000.000,-4284000.000
IncomeLossFromContinuingOperationsBeforeIncomeTaxesMinorityInterestAndIncomeLossFromEquityMethodInvestments,-12328000.000,-78785000.000,-5282000.000,-31751000.000,-5024000.000,-11296000.000,-13578000.000,-6859000.000,-11344000.000,4172000.000,-4270000.000
IncomeLossFromContinuingOperationsIncludingPortionAttributableToNoncontrollingInterest,,-75700000.000,,,,,,,,,
IncomeLossFromContinuingOperationsPerBasicShare,,-0.610,-0.040,,-0.020,,-0.110,-1.130,-1.850,-1.240,-0.690
IncomeLossFromContinuingOperationsPerDilutedShare,,-0.610,-0.040,,-0.020,,-0.110,-1.130,-1.850,-1.240,-0.690
IncomeLossFromDiscontinuedOperationsNetOfTax,,-5357000.000,,,,,,,,,
IncomeLossFromDiscontinuedOperationsNetOfTaxAttributableToReportingEntity,,,32000.000,-23000.000,33000.000,223000.000,-4308000.000,-54567000.000,-5728000.000,-8402000.000,-517000.000
IncomeLossFromDiscontinuedOperationsNetOfTaxPerBasicShare,,-0.040,,,,,-0.040,-8.890,-0.920,-2.080,-0.090
IncomeLossFromDiscontinuedOperationsNetOfTaxPerDilutedShare,,-0.040,,,,,-0.040,-8.890,-0.920,-2.080,-0.090
IncomeTaxExpenseBenefit,-1322000.000,-3085000.000,-566000.000,29058000.000,-2223000.000,-1667000.000,85000.000,69000.000,74000.000,-1310000.000,14000.000
IncomeTaxExpenseBenefitContinuingOperations,,,,,,,,,100000.000,,
IncreaseDecreaseInAccountsPayableAndAccruedLiabilities,,,-4964000.000,,,,-3282000.000,,,,852000.000
IncreaseDecreaseInEmployeeRelatedLiabilities,,,-15835000.000,,,,-24631000.000,,,,25000.000
IncreaseDecreaseInFinancialInstrumentsSoldNotYetPurchased,,,48503000.000,,,,-111017000.000,,,,
IncreaseDecreaseInFinancialInstrumentsUsedInOperatingActivities,,,-97387000.000,,,,-617894000.000,,,,19000.000
IncreaseDecreaseInLoansHeldForSale,,,,,,,7693000.000,,,,
IncreaseDecreaseInOtherOperatingAssets,,,,,,,1003000.000,,,,-334000.000
IncreaseDecreaseInOutstandingChecksOperatingActivities,,,269000.000,,,,935000.000,,,,-135000.000
IncreaseDecreaseInRestructuringReserve,,,,,,,,,,,-468000.000
InterestExpense,3057000.000,2672000.000,4619000.000,3502000.000,2149000.000,2557000.000,1607000.000,,,,
InterestIncomeSecuritiesTaxable,14885000.000,16249000.000,19204000.000,11558000.000,6879000.000,11155000.000,8966000.000,,,,
InvestmentBankingRevenue,10042000.000,9359000.000,6678000.000,9115000.000,1996000.000,12764000.000,15173000.000,,,,
LaborAndRelatedExpense,40298000.000,32684000.000,43719000.000,32606000.000,25534000.000,41555000.000,29115000.000,2117000.000,2876000.000,-25010000.000,1444000.000
NetCashProvidedByUsedInFinancingActivities,,,-98811000.000,,,,-61383000.000,,,,-172000.000
NetCashProvidedByUsedInFinancingActivitiesContinuingOperations,,,-98811000.000,,,,-61383000.000,,,,-172000.000
NetCashProvidedByUsedInInvestingActivities,,,-360000.000,,,,-1464000.000,,,,
NetCashProvidedByUsedInInvestingActivitiesContinuingOperations,,,-360000.000,,,,-1464000.000,,,,
NetCashProvidedByUsedInOperatingActivities,,,95187000.000,,,,58391000.000,,,,6285000.000
NetCashProvidedByUsedInOperatingActivitiesContinuingOperations,,,95187000.000,,,,58391000.000,,,,6285000.000
NetIncomeLossAvailableToCommonStockholdersBasic,,-81057000.000,-4684000.000,-60832000.000,-2768000.000,-9406000.000,-17971000.000,-61495000.000,-17146000.000,-2920000.000,-4801000.000
OccupancyNet,2478000.000,2041000.000,2134000.000,2236000.000,2277000.000,2272000.000,1908000.000,458000.000,344000.000,-1361000.000,158000.000
OperatingLeasesRentExpenseNet,,,,1200000.000,1300000.000,,1200000.000,200000.000,100000.000,-1000000.000,65000.000
OtherAssetImpairmentCharges,,,,,,,,600000.000,,,
OtherExpenses,4494000.000,4281000.000,6842000.000,7624000.000,2753000.000,-6010000.000,1269000.000,409000.000,4176000.000,-2270000.000,551000.000
PaymentsForRestructuring,,,,,,,510000.000,,,,
PaymentsRelatedToTaxWithholdingForShareBasedCompensation,,,2403000.000,,,,747000.000,,,,172000.000
PaymentsToAcquirePropertyPlantAndEquipment,,,360000.000,,,,7000.000,,,,
PrincipalInvestmentGainsLosses,368000.000,2857000.000,132000.000,-139000.000,163000.000,1077000.000,172000.000,-601000.000,92000.000,1604000.000,587000.000
ProceedsFromOtherShortTermDebt,,,583000000.000,,,,185381000.000,,,,
ProceedsFromPaymentsForSecuritiesPurchasedUnderAgreementsToResell,,,-1461657000.000,,,,-20816000.000,,,,
ProfessionalFees,,,,,4282000.000,,3227000.000,3088000.000,3923000.000,946000.000,2745000.000
ProfitLoss,-11006000.000,,,,,,,,,,
PropertyPlantAndEquipmentDisposals,,,,,,,400000.000,,,,
RepaymentsOfOtherShortTermDebt,,,679416000.000,,,,246017000.000,,,,
RestructuringCharges,,,,,,,2828000.000,43627000.000,4744000.000,-369000.000,
RevenueOtherFinancialServices,2401000.000,2612000.000,2877000.000,3527000.000,2959000.000,2288000.000,964000.000,102000.000,163000.000,-563000.000,205000.000
Revenues,64365000.000,56836000.000,69362000.000,48149000.000,45479000.000,53432000.000,28457000.000,-499000.000,255000.000,-26280000.000,792000.000
RevenuesNetOfInterestExpense,61308000.000,54164000.000,64743000.000,44647000.000,43330000.000,50875000.000,26850000.000,,,,
SalesRevenueNet,54323000.000,47477000.000,62684000.000,39034000.000,43483000.000,40668000.000,13284000.000,-499000.000,255000.000,-26280000.000,792000.000
SellingExpense,2281000.000,1139000.000,1018000.000,981000.000,823000.000,897000.000,753000.000,,,,
ShareBasedCompensation,,,4497000.000,,,,1107000.000,,,,69000.000
StockIssuedDuringPeriodSharesShareBasedCompensation,,,100000.000,,,,,,,,
StockRepurchasedDuringPeriodShares,,,,,,,0.000,,,,
WeightedAverageNumberOfDilutedSharesOutstanding,124061000.000,123993000.000,119510000.000,119564000.000,118699000.000,-238796000.000,119510000.000,6136000.000,6187000.000,-125713000.000,6181000.000
WeightedAverageNumberOfSharesOutstandingBasic,124061000.000,123993000.000,119510000.000,119564000.000,118699000.000,-238796000.000,119510000.000,6136000.000,6187000.000,-125713000.000,6181000.000
