,2011-03-04,2011-06-03,2011-09-02,2011-12-02,2012-03-02,2012-06-01,2012-08-31,2012-11-30,2013-03-01,2013-05-31,2013-08-30,2013-11-29,2014-02-28,2014-05-30,2014-08-29,2014-11-28,2015-02-27,2015-05-29,2015-08-28,2015-11-27,2016-06-03,2016-09-02,2017-03-03,2017-06-02
AdjustmentsNoncashItemsToReconcileNetIncomeLossToCashProvidedByUsedInOperatingActivitiesOther,2703000.000,,,,,,,,,,,,,,,,,,,,,,,
AmortizationOfIntangibleAssets,10235000.000,10392000.000,10376000.000,,11429000.000,39500000.000,36100000.000,59171000.000,36900000.000,37500000.000,42200000.000,40300000.000,41100000.000,37600000.000,39100000.000,34900000.000,39500000.000,45600000.000,46300000.000,43100000.000,37800000.000,40000000.000,38100000.000,39100000.000
AntidilutiveSecuritiesExcludedFromComputationOfEarningsPerShareAmount,21900000.000,20300000.000,28800000.000,-43900000.000,26100000.000,18300000.000,17900000.000,-42900000.000,6800000.000,,,,,0.000,0.000,,0.000,0.000,0.000,0.000,0.000,0.000,,
AvailableForSaleSecuritiesChangeInNetUnrealizedHoldingGainLossNetOfTax,-53000.000,,,,,,,,,,,,,,,,,,,,,,,
AvailableForSaleSecuritiesContinuousUnrealizedLossPosition12MonthsOrLongerAggregateLosses,,,,,,,,,,,,,,,,,65000.000,,,,,,,
AvailableForSaleSecuritiesContinuousUnrealizedLossPositionLessThan12MonthsAggregateLosses,,,,,,,,,,,,,666000.000,,,,954000.000,,,,,,,
AvailableForSaleSecuritiesGrossRealizedGains,,633000.000,516000.000,,702000.000,474000.000,909000.000,1067000.000,1598000.000,800000.000,986000.000,706000.000,670000.000,1254000.000,1047000.000,1053000.000,967000.000,717000.000,639000.000,986000.000,1212000.000,943000.000,294000.000,356000.000
AvailableForSaleSecuritiesGrossRealizedLosses,,4000.000,88000.000,,205000.000,61000.000,12000.000,0.000,14000.000,13000.000,1032000.000,18000.000,33000.000,3000.000,13000.000,48000.000,40000.000,84000.000,69000.000,161000.000,142000.000,74000.000,134000.000,110000.000
AvailableForSaleSecuritiesGrossUnrealizedGains,12866000.000,,,,,,,,,,,,10939000.000,,,,6971000.000,,,,,,,
AvailableForSaleSecuritiesGrossUnrealizedLoss,-2470000.000,,,,,,,,,,,,666000.000,,,,1019000.000,,,,,,,
CapitalLeaseObligationsIncurred,,,,,,,,,25700000.000,,,,,,,,,,,,,,,
CashAndCashEquivalentsPeriodIncreaseDecrease,150265000.000,,,,-188237000.000,,,,-118670000.000,,,,-100640000.000,,,,-404516000.000,,,,,,57581000.000,
ComprehensiveIncomeNetOfTax,245858000.000,255083000.000,199953000.000,144475000.000,202007000.000,197744000.000,203252000.000,230534000.000,74515000.000,63897000.000,68508000.000,98456000.000,57535000.000,78578000.000,18110000.000,59975000.000,-10828000.000,121831000.000,163106000.000,194456000.000,262707000.000,269723000.000,386639000.000,413046000.000
CostOfGoodsSold,30717000.000,34666000.000,26209000.000,34048000.000,25668000.000,40074000.000,27234000.000,28687000.000,51982000.000,26805000.000,32564000.000,26803000.000,27498000.000,24499000.000,23172000.000,21930000.000,19703000.000,21467000.000,24545000.000,24320000.000,15756000.000,15435000.000,14333000.000,15488000.000
CostOfGoodsSoldAmortization,19700000.000,20200000.000,16500000.000,31900000.000,21600000.000,27000000.000,24000000.000,25700000.000,26400000.000,26600000.000,30300000.000,27700000.000,26800000.000,24200000.000,26000000.000,23200000.000,24900000.000,27300000.000,27700000.000,24500000.000,18500000.000,16900000.000,18700000.000,19500000.000
CostOfGoodsSoldSubscription,47878000.000,47329000.000,47492000.000,51334000.000,48780000.000,54823000.000,56191000.000,59308000.000,62580000.000,66527000.000,71656000.000,77314000.000,76732000.000,84147000.000,86670000.000,87883000.000,95527000.000,103694000.000,103605000.000,106368000.000,115399000.000,116990000.000,141181000.000,142734000.000
CostOfRevenue,107639000.000,109201000.000,104654000.000,116379000.000,108265000.000,130918000.000,119621000.000,124978000.000,156684000.000,135281000.000,147076000.000,147516000.000,148509000.000,154904000.000,157724000.000,160943000.000,166798000.000,185173000.000,190985000.000,201361000.000,202079000.000,202701000.000,237337000.000,239360000.000
CostOfServices,29044000.000,27206000.000,30953000.000,30997000.000,33817000.000,36021000.000,36196000.000,36983000.000,42122000.000,41949000.000,42856000.000,43399000.000,44279000.000,46258000.000,47882000.000,51130000.000,51568000.000,60012000.000,62835000.000,70673000.000,70924000.000,70276000.000,81823000.000,81138000.000
CurrentFederalTaxExpenseBenefit,16200000.000,,,,,,,,,,,,,,,,,,,,,,,
DeferredIncomeTaxesAndTaxCredits,28645000.000,,,,63377000.000,,,,15176000.000,,,,-3341000.000,,,,4879000.000,,,,,,60315000.000,
DepreciationAndAmortization,66286000.000,,,,,,,,,,,,,,,,,,,,,,,
DepreciationDepletionAndAmortization,,,,,69861000.000,,,,76752000.000,,,,77636000.000,,,,79635000.000,,,,,,80809000.000,
EarningsPerShareBasic,0.470,0.460,0.390,0.350,0.370,0.450,0.410,0.450,0.130,0.150,0.160,0.140,0.090,0.180,0.090,0.180,0.170,0.300,0.350,0.440,0.490,0.540,0.810,0.760
EarningsPerShareDiluted,0.460,0.450,0.390,0.350,0.370,0.450,0.400,0.440,0.130,0.150,0.160,0.120,0.090,0.170,0.090,0.180,0.170,0.290,0.340,0.440,0.480,0.540,0.800,0.750
EffectOfExchangeRateOnCashAndCashEquivalents,-194000.000,,,,3632000.000,,,,-5992000.000,,,,318000.000,,,,-8435000.000,,,,,,-2412000.000,
EmployeeServiceShareBasedCompensationTaxBenefitRealizedFromExerciseOfStockOptions,,,,,,,,,,,,,,,,,-33584000.000,,,,,,,
ExcessTaxBenefitFromShareBasedCompensationFinancingActivities,,,,,2670000.000,,,,0.000,,,,,,,,33599000.000,,,,,,0.000,
ExcessTaxBenefitFromShareBasedCompensationOperatingActivities,,,,,2670000.000,,,,0.000,,,,,,,,33599000.000,,,,,,0.000,
FairValueLevel1ToLevel2TransfersAmount,,,,,0.000,,,,,,,,,,,,,,,,,,,
FairValueLevel2ToLevel1TransfersAmount,,,,,0.000,,,,,,,,,,,,,,,,,,,
FiniteLivedIntangibleAssetsAmortizationExpense,30000000.000,30400000.000,27000000.000,44100000.000,33100000.000,,,,,,,,,,,,,,,,,,,
ForeignCurrencyTransactionGainLossBeforeTax,-7774000.000,-7629000.000,-6637000.000,-8186000.000,-9721000.000,-7738000.000,-6458000.000,-7514000.000,-6174000.000,-5418000.000,-3847000.000,-5562000.000,-2803000.000,-4263000.000,-5094000.000,-6680000.000,-4247000.000,-3994000.000,-3690000.000,-8199000.000,-6474000.000,-10001000.000,-7131000.000,-10349000.000
GainLossOnInvestments,1590000.000,86000.000,-993000.000,5174000.000,1021000.000,7188000.000,944000.000,351000.000,848000.000,-4245000.000,-2079000.000,1461000.000,-409000.000,553000.000,669000.000,343000.000,1430000.000,223000.000,-1314000.000,622000.000,-3318000.000,1532000.000,2557000.000,1729000.000
GeneralAndAdministrativeExpense,100979000.000,95547000.000,98493000.000,119586000.000,102681000.000,110603000.000,110249000.000,111449000.000,132853000.000,120870000.000,128043000.000,138358000.000,138984000.000,129138000.000,141676000.000,133534000.000,145081000.000,130208000.000,122578000.000,134052000.000,138596000.000,143702000.000,150808000.000,156929000.000
GoodwillImpairmentLoss,,0.000,,,,,,,,,,,,,,,,,,,,,,
GrossProfit,920067000.000,913978000.000,908558000.000,1035782000.000,936955000.000,993531000.000,960959000.000,1028450000.000,851189000.000,875268000.000,848043000.000,894183000.000,851611000.000,913304000.000,847685000.000,912385000.000,942383000.000,976985000.000,1026783000.000,1105043000.000,1196630000.000,1261266000.000,1444309000.000,1532830000.000
ImpairmentOfInvestments,0.000,0.000,0.000,,0.000,0.000,0.000,,,,,,,,,,,,,,,,,
ImpairmentOfLongLivedAssetsToBeDisposedOf,,,,,,,,,,23800000.000,,,,,,,,,,,,,,
IncomeLossFromContinuingOperationsBeforeIncomeTaxesExtraordinaryItemsNoncontrollingInterest,,,,,,,,,,,,,,,,,,,,,,,460632000.000,492618000.000
IncomeLossFromContinuingOperationsBeforeIncomeTaxesMinorityInterestAndIncomeLossFromEquityMethodInvestments,286087000.000,259244000.000,256719000.000,233180000.000,270377000.000,294574000.000,263212000.000,290631000.000,83484000.000,91127000.000,93260000.000,88270000.000,64892000.000,121271000.000,62938000.000,112275000.000,163248000.000,180974000.000,232619000.000,296940000.000,329830000.000,356301000.000,,
IncomeTaxExpenseBenefit,51496000.000,29808000.000,61618000.000,59461000.000,85168000.000,70698000.000,61855000.000,68298000.000,18367000.000,14581000.000,10258000.000,22950000.000,17846000.000,32744000.000,18252000.000,24139000.000,78360000.000,33481000.000,58154000.000,74235000.000,85756000.000,85513000.000,62186000.000,118228000.000
IncomeTaxesPaidNet,16413000.000,,,,51397000.000,,,,49863000.000,,,,16401000.000,,,,5994000.000,,,,,,27254000.000,
IncreaseDecreaseInAccountsPayable,2310000.000,,,,-42542000.000,,,,22477000.000,,,,2412000.000,,,,1368000.000,,,,,,32816000.000,
IncreaseDecreaseInAccruedIncomeTaxesPayable,8905000.000,,,,-19051000.000,,,,-29187000.000,,,,6336000.000,,,,21610000.000,,,,,,-61639000.000,
IncreaseDecreaseInAccruedLiabilities,-110084000.000,,,,-116908000.000,,,,-78966000.000,,,,-60140000.000,,,,-125281000.000,,,,,,-92105000.000,
IncreaseDecreaseInDeferredRevenue,13721000.000,,,,16739000.000,,,,79514000.000,,,,52275000.000,,,,19044000.000,,,,,,40832000.000,
IncreaseDecreaseInPrepaidDeferredExpenseAndOtherAssets,2716000.000,,,,15080000.000,,,,35447000.000,,,,43559000.000,,,,23912000.000,,,,,,10758000.000,
IncreaseDecreaseInReceivables,-20605000.000,,,,-152721000.000,,,,-131511000.000,,,,-90492000.000,,,,-62058000.000,,,,,,-184250000.000,
IncreaseDecreaseInRestructuringReserve,,,,,-39057000.000,,,,-4047000.000,,,,-528000.000,,,,-14539000.000,,,,,,,
IncrementalCommonSharesAttributableToShareBasedPaymentArrangements,3447000.000,3605000.000,1628000.000,-6442000.000,2082000.000,2813000.000,2242000.000,-6771000.000,2707000.000,3304000.000,2744000.000,-5387000.000,2495000.000,2138000.000,1785000.000,-4391000.000,1293000.000,1059000.000,881000.000,-2222000.000,512000.000,452000.000,382000.000,343000.000
InterestExpense,17020000.000,16727000.000,16431000.000,16774000.000,16838000.000,16629000.000,17253000.000,16767000.000,16834000.000,17205000.000,16747000.000,16722000.000,16590000.000,17103000.000,13361000.000,12678000.000,14545000.000,16605000.000,16519000.000,16515000.000,17174000.000,17281000.000,18130000.000,18347000.000
InterestExpenseDebt,17020000.000,,,,,,,,,,,,,,,,,,,,,,,
InterestPaidNet,31623000.000,,,,33883000.000,,,,31960000.000,,,,31740000.000,,,,16885000.000,,,,,,24888000.000,
InvestmentIncomeInterest,6099000.000,5865000.000,6102000.000,6440000.000,6193000.000,5929000.000,6575000.000,5852000.000,5681000.000,5606000.000,5332000.000,5268000.000,5134000.000,5240000.000,5274000.000,5707000.000,6288000.000,6846000.000,7394000.000,8231000.000,11482000.000,11849000.000,14157000.000,15216000.000
LineOfCreditFacilityPeriodicPaymentInterest,,,,,,,,,,,,,,,,,31100000.000,,,,,,,
NetCashProvidedByUsedInFinancingActivities,-86518000.000,,,,-68525000.000,,,,11405000.000,,,,-258209000.000,,,,119275000.000,,,,,,-331495000.000,
NetCashProvidedByUsedInFinancingActivitiesContinuingOperations,-86518000.000,,,,-68525000.000,,,,11405000.000,,,,-258209000.000,,,,119275000.000,,,,,,-331495000.000,
NetCashProvidedByUsedInInvestingActivities,-95125000.000,,,,-437707000.000,,,,-446114000.000,,,,-94422000.000,,,,-698371000.000,,,,,,-338882000.000,
NetCashProvidedByUsedInInvestingActivitiesContinuingOperations,-95125000.000,,,,-437707000.000,,,,-446114000.000,,,,-94422000.000,,,,-698371000.000,,,,,,-338882000.000,
NetCashProvidedByUsedInOperatingActivities,332102000.000,,,,314363000.000,,,,322031000.000,,,,251673000.000,,,,183015000.000,,,,,,730370000.000,
NetCashProvidedByUsedInOperatingActivitiesContinuingOperations,332102000.000,,,,314363000.000,,,,322031000.000,,,,251673000.000,,,,183015000.000,,,,,,730370000.000,
NetIncomeLoss,234591000.000,229436000.000,195101000.000,173719000.000,185209000.000,223876000.000,201357000.000,222333000.000,65117000.000,76546000.000,83002000.000,65320000.000,47046000.000,88527000.000,44686000.000,88136000.000,84888000.000,147493000.000,174465000.000,222705000.000,244074000.000,270788000.000,398446000.000,374390000.000
NonoperatingIncomeExpense,-16247000.000,-17480000.000,-17391000.000,-12951000.000,-18602000.000,-10569000.000,-15092000.000,-17134000.000,-14740000.000,-20182000.000,-17094000.000,-14566000.000,-13854000.000,-13987000.000,-11238000.000,-12230000.000,-9777000.000,-12643000.000,-13400000.000,6506000.000,-14409000.000,-13024000.000,-8367000.000,-11464000.000
OperatingExpenses,617733000.000,637254000.000,634448000.000,789651000.000,647976000.000,688388000.000,682655000.000,720685000.000,752965000.000,763959000.000,737689000.000,791347000.000,772865000.000,778046000.000,773509000.000,787880000.000,769358000.000,783368000.000,780764000.000,814609000.000,852391000.000,891941000.000,975310000.000,1028748000.000
OperatingIncomeLoss,302334000.000,276724000.000,274110000.000,246131000.000,288979000.000,305143000.000,278304000.000,307765000.000,98224000.000,111309000.000,110354000.000,102836000.000,78746000.000,135258000.000,74176000.000,124505000.000,173025000.000,193617000.000,246019000.000,290434000.000,344239000.000,369325000.000,468999000.000,504082000.000
OtherComprehensiveIncomeAvailableForSaleSecuritiesAdjustmentNetOfTaxPeriodIncreaseDecrease,-597000.000,5268000.000,-3684000.000,-4616000.000,12367000.000,,,,,,,,,,,,,,,,,,,
OtherComprehensiveIncomeDerivativesQualifyingAsHedgesNetOfTaxPeriodIncreaseDecrease,-67000.000,-84000.000,1624000.000,11730000.000,2233000.000,,,,,,,,,,,,,,,,,,,
OtherComprehensiveIncomeForeignCurrencyTransactionAndTranslationAdjustmentNetOfTaxPeriodIncreaseDecrease,11931000.000,20463000.000,6912000.000,-36358000.000,2198000.000,,,,,,,,,,,,,,,,,,,
OtherComprehensiveIncomeLossAvailableForSaleSecuritiesAdjustmentNetOfTax,,,,,,-7710000.000,4791000.000,,-882000.000,-6043000.000,-7711000.000,9438000.000,873000.000,726000.000,-3414000.000,202000.000,-1744000.000,243000.000,-8904000.000,-1776000.000,19180000.000,2186000.000,864000.000,8419000.000
OtherComprehensiveIncomeLossAvailableForSaleSecuritiesTax,,,,,,,,,,24000.000,115000.000,,-21000.000,-13000.000,65000.000,-38000.000,-107000.000,-49000.000,30000.000,-28000.000,,,139000.000,40000.000
OtherComprehensiveIncomeLossBeforeReclassificationsNetOfTax,,,,,,,,,,,,,,,,,-71077000.000,,,,,,6537000.000,
OtherComprehensiveIncomeLossDerivativesQualifyingAsHedgesNetOfTax,,,,,,-470000.000,-10313000.000,,14682000.000,-4414000.000,-13434000.000,1929000.000,-2827000.000,-615000.000,8928000.000,17802000.000,-11416000.000,-13809000.000,-10773000.000,10258000.000,-5806000.000,9577000.000,-11475000.000,-17644000.000
OtherComprehensiveIncomeLossDerivativesQualifyingAsHedgesTax,,,,,,,,,,0.000,0.000,,0.000,0.000,0.000,0.000,6094000.000,-157000.000,-152000.000,-188000.000,-164000.000,-151000.000,-284000.000,-149000.000
OtherComprehensiveIncomeLossForeignCurrencyTransactionAndTranslationAdjustmentNetOfTax,,,,,,-17952000.000,7417000.000,,-4402000.000,-2192000.000,6651000.000,21769000.000,12443000.000,-10060000.000,-32090000.000,-46165000.000,-82556000.000,-12096000.000,8318000.000,-36731000.000,5259000.000,-12828000.000,-1196000.000,47881000.000
OtherComprehensiveIncomeLossForeignCurrencyTransactionAndTranslationReclassificationAdjustmentFromAOCIRealizedUponSaleOrLiquidationNetOfTax,,,,,,,,,,,,,0.000,,,,0.000,,,,,,0.000,
OtherComprehensiveIncomeLossForeignCurrencyTranslationAdjustmentTax,,,,,,,,,,-196000.000,372000.000,,1000.000,-560000.000,-1577000.000,268000.000,-2095000.000,-336000.000,-8000.000,-939000.000,711000.000,-463000.000,386000.000,1261000.000
OtherComprehensiveIncomeLossNetOfTax,,,,,,-26132000.000,1895000.000,,9398000.000,-12649000.000,-14494000.000,33136000.000,10489000.000,-9949000.000,-26576000.000,-28161000.000,-95716000.000,-25662000.000,-11359000.000,-28249000.000,18633000.000,-1065000.000,-11807000.000,38656000.000
OtherComprehensiveIncomeLossNetOfTaxPeriodIncreaseDecrease,11267000.000,25647000.000,4852000.000,-29244000.000,16798000.000,,,,,,,,,,,,,,,,,,,
OtherComprehensiveIncomeLossReclassificationAdjustmentForSaleOfSecuritiesIncludedInNetIncomeNetOfTax,,,,,,-413000.000,-897000.000,,-1584000.000,-788000.000,,,,,,,,,,,,,,
OtherComprehensiveIncomeLossReclassificationAdjustmentForSaleOfSecuritiesIncludedInNetIncomeTax,,,,,,,,,,0.000,,,,,,,,,,,,,,
OtherComprehensiveIncomeLossReclassificationAdjustmentFromAOCIForSaleOfSecuritiesNetOfTax,,,,,,,,,,,-46000.000,,637000.000,1251000.000,1592000.000,448000.000,927000.000,633000.000,570000.000,825000.000,1070000.000,869000.000,160000.000,246000.000
OtherComprehensiveIncomeLossReclassificationAdjustmentFromAOCIForSaleOfSecuritiesTax,,,,,,,,,,,2000.000,,1000.000,2000.000,3000.000,2000.000,0.000,0.000,0.000,0.000,,,109000.000,0.000
OtherComprehensiveIncomeLossReclassificationAdjustmentFromAOCIOnDerivativesNetOfTax,,,,,,,,,,,10487000.000,,2798000.000,2616000.000,1075000.000,12216000.000,23712000.000,21953000.000,8899000.000,971000.000,3373000.000,3656000.000,18184000.000,13065000.000
OtherComprehensiveIncomeLossReclassificationAdjustmentFromAOCIOnDerivativesTax,,,,,,,,,,,0.000,,0.000,0.000,0.000,0.000,53000.000,157000.000,152000.000,188000.000,164000.000,151000.000,284000.000,149000.000
OtherComprehensiveIncomeLossReclassificationAdjustmentOnDerivativesIncludedInNetIncomeNetOfTax,,,,,,-10661000.000,-7692000.000,,-7094000.000,-15299000.000,,,,,,,,,,,,,,
OtherComprehensiveIncomeLossReclassificationAdjustmentOnDerivativesIncludedInNetIncomeTax,,,,,,,,,,0.000,,,,,,,,,,,,,,
OtherComprehensiveIncomeLossTax,,,,,,,,,,-172000.000,487000.000,,-20000.000,-573000.000,-1512000.000,230000.000,3892000.000,-542000.000,-130000.000,-1155000.000,496000.000,-627000.000,241000.000,1152000.000
OtherComprehensiveIncomeReclassificationAdjustmentForSaleOfSecuritiesIncludedInNetIncomeNetOfTax,544000.000,630000.000,428000.000,232000.000,497000.000,,,,,,,,,,,,,,,,,,,
OtherComprehensiveIncomeReclassificationAdjustmentOnDerivativesIncludedInNetIncomeNetOfTax,0.000,184000.000,0.000,3565000.000,10348000.000,,,,,,,,,,,,,,,,,,,
OtherComprehensiveIncomeUnrealizedGainLossOnDerivativesArisingDuringPeriodNetOfTax,67000.000,100000.000,1624000.000,15161000.000,12581000.000,10191000.000,-2621000.000,3771000.000,21776000.000,10885000.000,-2947000.000,4963000.000,-29000.000,2001000.000,10003000.000,30018000.000,12296000.000,8144000.000,-1874000.000,11229000.000,-2433000.000,13233000.000,6709000.000,-4579000.000
OtherComprehensiveIncomeUnrealizedGainLossOnDerivativesArisingDuringPeriodTax,,,,,,,,,,0.000,0.000,,0.000,0.000,0.000,0.000,6147000.000,0.000,0.000,0.000,0.000,0.000,0.000,0.000
OtherComprehensiveIncomeUnrealizedHoldingGainLossOnSecuritiesArisingDuringPeriodNetOfTax,,5898000.000,-3256000.000,,12864000.000,-7297000.000,5688000.000,42000.000,702000.000,-5255000.000,-7757000.000,10125000.000,1510000.000,1977000.000,-1822000.000,650000.000,-817000.000,876000.000,-8334000.000,-951000.000,20250000.000,3055000.000,1024000.000,8665000.000
OtherComprehensiveIncomeUnrealizedHoldingGainLossOnSecuritiesArisingDuringPeriodTax,,,,,,,,,,24000.000,117000.000,,-20000.000,-11000.000,68000.000,-36000.000,-107000.000,-49000.000,30000.000,-28000.000,-51000.000,-13000.000,248000.000,40000.000
OtherIncreaseDecreaseInProvisionForRestructuring,-2526000.000,,,,,,,,,,,,,,,,,,,,,,,
OtherNoncashIncomeExpense,,,,,6650000.000,,,,4647000.000,,,,719000.000,,,,1241000.000,,,,,,-115000.000,
OtherNonoperatingIncome,-817000.000,-839000.000,33000.000,-1351000.000,-2785000.000,-1128000.000,1217000.000,-718000.000,1246000.000,1268000.000,1732000.000,695000.000,3145000.000,2563000.000,1454000.000,105000.000,3338000.000,3739000.000,4433000.000,22399000.000,6083000.000,2725000.000,7206000.000,5154000.000
OtherNonoperatingIncomeExpense,314000.000,296000.000,140000.000,162000.000,246000.000,268000.000,203000.000,-123000.000,155000.000,293000.000,293000.000,301000.000,177000.000,335000.000,240000.000,73000.000,370000.000,254000.000,159000.000,21542000.000,5000.000,8000.000,20000.000,41000.000
OtherThanTemporaryImpairmentLossesInvestmentsPortionRecognizedInEarningsNet,,,,,,,,,,5000000.000,2034000.000,,0.000,0.000,0.000,0.000,0.000,0.000,0.000,0.000,0.000,0.000,,
PaymentsForProceedsFromOtherInvestingActivities,124000.000,,,,0.000,,,,,,,,,,,,,,,,,,,
PaymentsForRepurchaseOfCommonStock,125000000.000,,,,80000000.000,,,,100000000.000,,,,200000000.000,,,,200000000.000,,,,,,200000000.000,
PaymentsForRestructuring,,,,,,,,,,,,,1191000.000,,,,16294000.000,,,,,,,
PaymentsOfDebtIssuanceCosts,,,,,2297000.000,,,,357000.000,,,,0.000,,,,7718000.000,,,,,,,
PaymentsToAcquireBusinessesNetOfCashAcquired,36572000.000,,,,353184000.000,,,,96356000.000,,,,0.000,,,,800342000.000,,,,,,459626000.000,
PaymentsToAcquireLongtermInvestments,,,,,5203000.000,,,,46633000.000,,,,4062000.000,,,,16031000.000,,,,,,18218000.000,
PaymentsToAcquirePropertyPlantAndEquipment,32421000.000,,,,51088000.000,,,,60190000.000,,,,29393000.000,,,,35546000.000,,,,,,30903000.000,
PaymentsToAcquireShortTermInvestments,375077000.000,,,,352179000.000,,,,723541000.000,,,,377598000.000,,,,318938000.000,,,,,,476014000.000,
ProceedsFromMaturitiesPrepaymentsAndCallsOfShorttermInvestments,,,,,112089000.000,,,,110958000.000,,,,46120000.000,,,,88729000.000,,,,,,219091000.000,
ProceedsFromRepaymentsOfLongTermDebtAndCapitalSecurities,,,,,,,,,,,,,0.000,,,,989280000.000,,,,,,,
ProceedsFromSaleOfAvailableForSaleSecuritiesEquity,2755000.000,,,,4186000.000,,,,2840000.000,,,,779000.000,,,,1146000.000,,,,,,545000.000,
ProceedsFromSaleOfShortTermInvestments,217407000.000,,,,207672000.000,,,,366808000.000,,,,269732000.000,,,,382611000.000,,,,,,426243000.000,
ProceedsFromSaleOfTreasuryStock,40651000.000,,,,13366000.000,,,,88566000.000,,,,,,,,56320000.000,,,,,,51787000.000,
ReclassificationFromAccumulatedOtherComprehensiveIncomeCurrentPeriodNetOfTax,,,,,,,,,,,,,,,,,,,,,,,18344000.000,
RepaymentsOfLongTermDebtAndCapitalSecurities,2169000.000,,,,2264000.000,,,,2507000.000,,,,4433000.000,,,,602189000.000,,,,,,268000.000,
ResearchAndDevelopmentExpenseSoftwareExcludingAcquiredInProcessCost,178400000.000,183211000.000,181039000.000,195403000.000,177728000.000,180903000.000,189145000.000,195047000.000,209638000.000,203097000.000,208700000.000,205196000.000,209525000.000,209092000.000,212049000.000,213687000.000,215509000.000,208047000.000,218660000.000,220514000.000,232484000.000,248450000.000,285077000.000,299401000.000
RestructuringAndRelatedCostIncurredCost,,,,,11253000.000,,,,4328000.000,,,,528000.000,,,,420000.000,,,,,,,
RestructuringCharges,41000.000,-586000.000,3816000.000,94502000.000,-2825000.000,-2191000.000,2374000.000,-275000.000,2000.000,24992000.000,-791000.000,2294000.000,663000.000,-366000.000,201000.000,19385000.000,1755000.000,34000.000,-751000.000,521000.000,-466000.000,-338000.000,,
RestructuringReserveSettledWithCash,-2568000.000,,,,36233000.000,,,,4045000.000,,,,,,,,,,,,,,,
RestructuringReserveTranslationAdjustment,,,,,,,,,500000.000,,,,,,,,,,,,,,,
RestructuringReserveTranslationAndOtherAdjustment,,,,,-14226000.000,,,,-5013000.000,,,,-39000.000,,,,635000.000,,,,,,,
Revenues,1027706000.000,1023179000.000,1013212000.000,1152161000.000,1045220000.000,1124449000.000,1080580000.000,1153428000.000,1007873000.000,1010549000.000,995119000.000,1041699000.000,1000120000.000,1068208000.000,1005409000.000,1073328000.000,1109181000.000,1162158000.000,1217768000.000,1306404000.000,1398709000.000,1463967000.000,1681646000.000,1772190000.000
SalesRevenueGoodsNet,842689000.000,830281000.000,814544000.000,936958000.000,808521000.000,871022000.000,810457000.000,852843000.000,675789000.000,644899000.000,582178000.000,567232000.000,471454000.000,479247000.000,349151000.000,327951000.000,290774000.000,274538000.000,275338000.000,284496000.000,196500000.000,180960000.000,183385000.000,171545000.000
SalesRevenueNet,1027706000.000,1023179000.000,1013212000.000,1152161000.000,1045220000.000,1124449000.000,1080580000.000,1153428000.000,1007873000.000,1010549000.000,995119000.000,1041699000.000,1000120000.000,1068208000.000,1005409000.000,1073328000.000,1109181000.000,1162158000.000,1217768000.000,1306404000.000,1398709000.000,1463967000.000,1681646000.000,1772190000.000
SalesRevenueServicesNet,78846000.000,83729000.000,86737000.000,91829000.000,90469000.000,93908000.000,97203000.000,106048000.000,107818000.000,111129000.000,113595000.000,114744000.000,105103000.000,112267000.000,108885000.000,116423000.000,104965000.000,113657000.000,113365000.000,114474000.000,118501000.000,114405000.000,114405000.000,116955000.000
SellingAndMarketingExpense,328078000.000,348690000.000,340724000.000,368330000.000,358963000.000,386459000.000,368556000.000,402181000.000,398033000.000,402208000.000,388673000.000,431540000.000,410141000.000,426830000.000,406475000.000,408862000.000,392741000.000,426998000.000,422031000.000,441472000.000,462789000.000,477475000.000,520297000.000,553098000.000
ShareBasedCompensation,70992000.000,,,,71582000.000,,,,84196000.000,,,,82788000.000,,,,84208000.000,,,,,,98310000.000,
StockIssuedDuringPeriodValueTreasuryStockReissued,-169874000.000,,,,216874000.000,,,,259631000.000,,,,241309000.000,,,,252379000.000,,,,,,213601000.000,
StockRepurchaseProgramAuthorizedAmount,,,,,,2000000000.000,,,,,,,,,,,,,,,,,,
SubscriptionRevenue,106171000.000,109169000.000,111931000.000,123374000.000,146230000.000,159519000.000,172920000.000,194537000.000,224266000.000,254521000.000,299346000.000,359723000.000,423563000.000,476694000.000,547373000.000,628954000.000,713442000.000,773963000.000,829065000.000,907434000.000,1083708000.000,1168602000.000,1383856000.000,1483690000.000
TreasuryStockAcquiredAverageCostPerShare,32.840,,,,30.070,,,,37.320,,,,58.270,,,,72.390,,,,,,107.540,
TreasuryStockSharesAcquired,2500000.000,,,,1800000.000,,,,2700000.000,,,,4500000.000,,,,2400000.000,,,,,,2200000.000,
UnrealizedGainLossOnInvestments,1330000.000,,,,3168000.000,,,,418000.000,,,,-975000.000,,,,9687000.000,,,,,,1021000.000,
WeightedAverageNumberOfDilutedSharesOutstanding,511345000.000,506280000.000,498741000.000,-1012445000.000,500378000.000,501377000.000,499757000.000,-998791000.000,507840000.000,512446000.000,514058000.000,-1020868000.000,508340000.000,506687000.000,507811000.000,-1014358000.000,507526000.000,505582000.000,505809000.000,-1011753000.000,504725000.000,503669000.000,500861000.000,500351000.000
WeightedAverageNumberOfSharesOutstandingBasic,504134000.000,499686000.000,494537000.000,-1000888000.000,494016000.000,495950000.000,494051000.000,-989286000.000,498607000.000,503384000.000,504116000.000,-1004735000.000,496948000.000,497931000.000,498468000.000,-995480000.000,498754000.000,499290000.000,498630000.000,-997910000.000,499974000.000,498584000.000,494612000.000,494371000.000
