,2011-03-31,2011-06-30,2011-09-30,2011-12-31,2012-03-31,2012-06-30,2012-09-30,2012-12-31,2013-03-31,2013-06-30,2013-09-30,2013-12-31,2014-03-31,2014-06-30,2014-09-30,2014-12-31,2015-03-31,2015-06-30,2015-09-30,2015-12-31,2016-03-31,2016-06-30,2016-09-30,2016-12-31,2017-03-31,2017-06-30
AccretionExpense,3000000.000,3000000.000,3000000.000,,4000000.000,4000000.000,2000000.000,,3000000.000,4000000.000,3000000.000,,4000000.000,3000000.000,3000000.000,,4000000.000,3000000.000,3000000.000,,4000000.000,,,,,
AccrualForEnvironmentalLossContingenciesIncreaseDecreaseForCurrencyTranslation,2000000.000,,,,2000000.000,,,,,,,,,,,,,,,,,,,,,
AccrualForEnvironmentalLossContingenciesPeriodIncreaseDecrease,,,,,3000000.000,,,,,,,,,,,,,,,,,,,,,
AdjustmentsNoncashItemsToReconcileNetIncomeLossToCashProvidedByUsedInOperatingActivitiesOther,28000000.000,,,,,,,,,,,,,,,,,,,,,,,,,
AdjustmentsToAdditionalPaidInCapitalShareBasedCompensationRestrictedStockUnitsRequisiteServicePeriodRecognition,,,,,5000000.000,,,,-2000000.000,,,,7000000.000,,,,2000000.000,,,,-16000000.000,,,,-16000000.000,
AmortizationOfDeferredCharges,31000000.000,31000000.000,30000000.000,29000000.000,,,,,,,,,,,,,,,,,,,,,,
AmortizationOfIntangibleAssets,31000000.000,31000000.000,30000000.000,29000000.000,29000000.000,27000000.000,27000000.000,27000000.000,26000000.000,34000000.000,28000000.000,31000000.000,30000000.000,31000000.000,32000000.000,33000000.000,33000000.000,33000000.000,33000000.000,33000000.000,30000000.000,30000000.000,31000000.000,30000000.000,31000000.000,32000000.000
AntidilutiveSecuritiesExcludedFromComputationOfEarningsPerShareAmount,600000.000,0.000,600000.000,-600000.000,0.000,0.000,0.000,0.000,0.000,0.000,0.000,0.000,0.000,0.000,0.000,0.000,0.000,0.000,600000.000,0.000,600000.000,600000.000,2400000.000,-3000000.000,1200000.000,600000.000
AssetImpairmentCharges,,,,,53000000.000,,,,,,,,,,,,,19000000.000,,,,,,,,
BusinessCombinationAcquisitionRelatedCosts,,,,,6000000.000,,,,7000000.000,21000000.000,7000000.000,7000000.000,3000000.000,3000000.000,4000000.000,52000000.000,9000000.000,21000000.000,1000000.000,17000000.000,2000000.000,7000000.000,0.000,0.000,4000000.000,5000000.000
BusinessCombinationProFormaInformationRevenueOfAcquireeSinceAcquisitionDateActual,,,,,,,,,,,,,,,,,210000000.000,218000000.000,200000000.000,272000000.000,,,,,,
BusinessCombinationProvisionalInformationInitialAccountingIncompleteAdjustmentInventory,,,,,6000000.000,,,,,,,,,,,,,,,,,,,,,
CashAndCashEquivalentsPeriodIncreaseDecrease,-545000000.000,,,,-479000000.000,,,,715000000.000,,,,1443000000.000,,,,49000000.000,,,,-402000000.000,,,,-471000000.000,
CashProvidedByUsedInFinancingActivitiesDiscontinuedOperations,,,,,,,,,0.000,,,,-40000000.000,,,,0.000,,,,,,,,,
CashProvidedByUsedInInvestingActivitiesDiscontinuedOperations,,,,,,,,,-1000000.000,,,,-1000000.000,,,,0.000,,,,,,,,0.000,
CashProvidedByUsedInOperatingActivitiesDiscontinuedOperations,,,,,,,,,4000000.000,,,,33000000.000,,,,0.000,,,,,,,,0.000,
CommonStockDividendsPerShareCashPaid,0.550,0.570,0.570,0.570,0.570,0.590,0.590,0.590,0.590,0.610,0.610,0.610,0.610,0.670,0.670,0.670,0.670,0.360,0.360,0.020,0.360,0.400,0.400,0.400,0.400,0.400
ComprehensiveIncomeNetOfTax,452000000.000,444000000.000,-70000000.000,-120000000.000,160000000.000,222000000.000,428000000.000,265000000.000,2468000000.000,310000000.000,396000000.000,463000000.000,1292000000.000,435000000.000,105000000.000,-586000000.000,129000000.000,314000000.000,173000000.000,204000000.000,406000000.000,264000000.000,24000000.000,529000000.000,614000000.000,518000000.000
ComprehensiveIncomeNetOfTaxIncludingPortionAttributableToNoncontrollingInterest,486000000.000,481000000.000,-55000000.000,-98000000.000,202000000.000,250000000.000,458000000.000,293000000.000,2500000000.000,332000000.000,428000000.000,492000000.000,1332000000.000,444000000.000,105000000.000,-584000000.000,129000000.000,319000000.000,176000000.000,204000000.000,410000000.000,265000000.000,30000000.000,530000000.000,626000000.000,529000000.000
CostOfGoodsSoldExcludingDepreciationDepletionAndAmortization,,2417000000.000,2353000000.000,,2229000000.000,2352000000.000,2288000000.000,2200000000.000,1947000000.000,2343000000.000,2238000000.000,2108000000.000,2091000000.000,2306000000.000,2229000000.000,2165000000.000,2065000000.000,2283000000.000,2150000000.000,2093000000.000,2013000000.000,2190000000.000,2081000000.000,1779000000.000,1969000000.000,2082000000.000
DebtConversionConvertedInstrumentAmount1,,,,,395000000.000,,,,,,,,,,,,,,,,,,,,,
DeferredIncomeTaxExpenseBenefit,,,,,,,,,,,,,-1000000.000,,,,12000000.000,,,,-4000000.000,,,,4000000.000,
DeferredTaxExpenseFromStockOptionsExercised,,,,,,,,,,,,,,7000000.000,5000000.000,,5000000.000,9000000.000,1000000.000,4000000.000,4000000.000,6000000.000,3000000.000,1000000.000,6000000.000,2000000.000
DefinedBenefitPlanAssetsTransferredToFromPlan,,,,,,,,,480000000.000,,,,,,,,,,,,,,,,,
DefinedBenefitPlanBenefitObligationPeriodIncreaseDecrease,,,,,-65000000.000,,,,,,,,,,,,,,,,,,,,,
DefinedBenefitPlanContributionsByEmployer,,,,,,,,,,,,,,,,,,,,,0.000,0.000,,,,
DefinedBenefitPlanRecognizedNetGainLossDueToSettlements1,,,,,,,,,18000000.000,,,,0.000,,,,,,,,,,,,,
Depreciation,86000000.000,88000000.000,86000000.000,86000000.000,89000000.000,87000000.000,89000000.000,90000000.000,81000000.000,90000000.000,91000000.000,94000000.000,89000000.000,84000000.000,87000000.000,90000000.000,87000000.000,92000000.000,92000000.000,92000000.000,91000000.000,91000000.000,88000000.000,71000000.000,83000000.000,81000000.000
DepreciationAndAmortization,117000000.000,,,,118000000.000,,,,107000000.000,,,,119000000.000,,,,120000000.000,,,,121000000.000,,,,114000000.000,
DiscontinuedOperationGainLossFromDisposalOfDiscontinuedOperationBeforeIncomeTax,,,,,,,,,,,,,1468000000.000,,,,,,,,,,,,,
DiscontinuedOperationGainLossOnDisposalOfDiscontinuedOperationNetOfTax,,,,,,,,,2200000000.000,,,,900000000.000,,,,,,,,,,,,,
DiscontinuedOperationIncomeLossFromDiscontinuedOperationDuringPhaseOutPeriodBeforeIncomeTax,,,,,,,,,0.000,0.000,0.000,,,,,,,,,,,,,,,
DiscontinuedOperationTaxEffectOfIncomeLossFromDisposalOfDiscontinuedOperation,,,,,,,,,,,,,522000000.000,,,,,,,,,,,,,
DividendsCash,89000000.000,,,,87000000.000,,,,84000000.000,,,,85000000.000,,,,91000000.000,,,,96000000.000,,,,103000000.000,
EarningsPerShareBasic,1.420,2.150,1.980,1.410,0.080,2.370,2.210,1.470,16.490,2.380,1.580,2.080,9.070,2.780,2.690,0.660,2.360,1.240,1.600,-0.020,1.300,1.380,-0.690,1.310,1.300,1.950
EarningsPerShareDiluted,1.400,2.120,1.960,1.390,0.080,2.340,2.180,1.460,16.310,2.350,1.560,2.050,8.970,2.750,2.660,0.650,2.340,1.230,1.590,-0.020,1.290,1.370,-0.690,1.310,1.290,1.940
EffectOfExchangeRateOnCashAndCashEquivalents,9000000.000,,,,16000000.000,,,,-10000000.000,,,,-12000000.000,,,,-15000000.000,,,,11000000.000,,,,30000000.000,
EffectiveIncomeTaxRateContinuingOperations,,,,,0.000,,,,0.200,,,,0.240,,,,0.242,,0.243,,0.248,,,,0.243,
EnvironmentalExitCostsReasonablyPossibleAdditionalLossesHighEstimate,400000000.000,,,,275000000.000,,,,235000000.000,235000000.000,200000000.000,-470000000.000,200000000.000,,,,200000000.000,,,,200000000.000,,,,,
EnvironmentalExitCostsReasonablyPossibleAdditionalLossesLowEstimate,200000000.000,,,,100000000.000,,,,100000000.000,100000000.000,100000000.000,-200000000.000,100000000.000,,,,75000000.000,,,,75000000.000,,,,,
EnvironmentalRemediationExpense,9000000.000,2000000.000,3000000.000,2000000.000,159000000.000,,,,12000000.000,,89000000.000,,0.000,,138000000.000,,4000000.000,1000000.000,3000000.000,1000000.000,,,,,1000000.000,1000000.000
FutureAmortizationExpenseRemainderOfFiscalYear,,,,,88000000.000,,,,,,,,,,,,,,,,,,,,,
FutureAmortizationExpenseYearFive,,,,,85000000.000,,,,,,,,,,,,,,,,,,,,,
FutureAmortizationExpenseYearFour,,,,,85000000.000,,,,,,,,,,,,,,,,,,,,,
FutureAmortizationExpenseYearOne,130000000.000,,,,107000000.000,,,,,,,,,,,,,,,,,,,,,
GainLossOnDispositionOfAssets1,,,,,,,,,,,,,,,116000000.000,,,,,,,,,,,
GainLossOnSaleOfDerivatives,,,,,,,,,121000000.000,,,,,,,,,,,,,,,,,
GainLossOnSaleOfEquityInvestments,,,,,,,,,,,,,,,,,,,,,,20000000.000,0.000,,,0.000
GoodwillAcquiredDuringPeriod,1000000.000,,,,11000000.000,,,,1000000.000,,,,3000000.000,,,,-55000000.000,,,,5000000.000,,,,,
GoodwillPeriodIncreaseDecrease,,,,,,,,,-6000000.000,,,,-47000000.000,,,,,,,,,,,,,
GoodwillPurchaseAccountingAdjustments,,,,,,,,,,,,,,,,,,,,,,,,,-35000000.000,
GoodwillTranslationAndPurchaseAccountingAdjustments,94000000.000,,,,58000000.000,,,,-62000000.000,,,,5000000.000,,,,-205000000.000,,,,69000000.000,,,,113000000.000,
IncomeLossFromContinuingOperations,,,,,,,,,219000000.000,341000000.000,220000000.000,254000000.000,277000000.000,393000000.000,377000000.000,86000000.000,321000000.000,337000000.000,433000000.000,314000000.000,347000000.000,370000000.000,-201000000.000,48000000.000,334000000.000,504000000.000
IncomeLossFromContinuingOperationsBeforeIncomeTaxesExtraordinaryItemsNoncontrollingInterest,,,,,,,,,318000000.000,489000000.000,309000000.000,373000000.000,372000000.000,524000000.000,499000000.000,21000000.000,430000000.000,452000000.000,581000000.000,419000000.000,471000000.000,673000000.000,-413000000.000,96000000.000,448000000.000,671000000.000
IncomeLossFromContinuingOperationsBeforeIncomeTaxesMinorityInterestAndIncomeLossFromEquityMethodInvestments,351000000.000,500000000.000,462000000.000,284000000.000,51000000.000,527000000.000,486000000.000,,,,,,,,,,,,,,,,,,,
IncomeLossFromContinuingOperationsIncludingPortionAttributableToNoncontrollingInterest,,,,,,,,,254000000.000,371000000.000,249000000.000,282000000.000,283000000.000,399000000.000,383000000.000,92000000.000,326000000.000,342000000.000,439000000.000,319000000.000,354000000.000,376000000.000,-196000000.000,52000000.000,339000000.000,509000000.000
IncomeLossFromContinuingOperationsPerBasicShare,,,,,,,,,1.500,2.380,1.540,1.790,1.990,2.830,2.730,0.640,2.350,1.240,1.600,-0.010,1.300,1.380,-0.750,0.190,1.300,1.960
IncomeLossFromContinuingOperationsPerDilutedShare,,,,,,,,,1.480,2.350,1.520,1.780,1.970,2.800,2.700,0.630,2.330,1.230,1.590,-0.010,1.290,1.370,-0.750,0.200,1.290,1.950
IncomeLossFromDiscontinuedOperationsNetOfTax,,,,,,,,,2191000000.000,0.000,6000000.000,0.000,1018000000.000,-7000000.000,-6000000.000,-3000000.000,1000000.000,0.000,0.000,0.000,0.000,0.000,17000000.000,296000000.000,0.000,-3000000.000
IncomeLossFromDiscontinuedOperationsNetOfTaxAttributableToReportingEntity,,,,,,,,,2191000000.000,0.000,6000000.000,0.000,985000000.000,-7000000.000,-6000000.000,-3000000.000,1000000.000,0.000,0.000,0.000,0.000,0.000,17000000.000,296000000.000,0.000,-3000000.000
IncomeLossFromDiscontinuedOperationsNetOfTaxPerBasicShare,,,,,,,,,14.990,0.000,0.040,0.290,7.080,-0.050,-0.040,0.020,0.010,0.000,0.000,-0.010,0.000,0.000,0.060,1.120,0.000,-0.010
IncomeLossFromDiscontinuedOperationsNetOfTaxPerDilutedShare,,,,,,,,,14.830,0.000,0.040,0.270,7.000,-0.050,-0.040,0.020,0.010,0.000,0.000,-0.010,0.000,0.000,0.060,1.110,0.000,-0.010
IncomeLossFromEquityMethodInvestmentsNetOfDividendsOrDistributions,4000000.000,,,,2000000.000,,,,-6000000.000,,,,-7000000.000,,,,6000000.000,,,,3000000.000,,,,1000000.000,
IncomeTaxExpenseBenefit,92000000.000,128000000.000,120000000.000,45000000.000,,131000000.000,122000000.000,,64000000.000,118000000.000,60000000.000,91000000.000,89000000.000,125000000.000,116000000.000,-71000000.000,104000000.000,110000000.000,142000000.000,100000000.000,117000000.000,297000000.000,-217000000.000,44000000.000,109000000.000,162000000.000
IncomeTaxReconciliationChangeInEnactedTaxRate,,,,,,,,,,,,,10000000.000,,,,,,,,,,,,,
IncomeTaxesPaid,45000000.000,,,,48000000.000,,,,57000000.000,,,,,,,,,,,,,,,,,
IncomeTaxesPaidNet,,,,,,,,,,,,,59000000.000,,,,83000000.000,,,,108000000.000,,,,90000000.000,
IncreaseDecreaseInAccountsPayableAndAccruedLiabilities,10000000.000,,,,-27000000.000,,,,-18000000.000,,,,235000000.000,,,,-63000000.000,,,,90000000.000,,,,63000000.000,
IncreaseDecreaseInInventories,142000000.000,,,,143000000.000,,,,109000000.000,,,,178000000.000,,,,136000000.000,,,,120000000.000,,,,153000000.000,
IncreaseDecreaseInOtherCurrentAssets,,,,,14000000.000,,,,40000000.000,,,,33000000.000,,,,66000000.000,,,,83000000.000,,,,47000000.000,
IncreaseDecreaseInOtherNoncurrentAssetsAndLiabilitiesNet,,,,,,,,,,,,,,,,,,,,,4000000.000,,,,-40000000.000,
IncreaseDecreaseInOtherOperatingAssets,1000000.000,,,,-2000000.000,,,,46000000.000,,,,24000000.000,,,,37000000.000,,,,,,,,,
IncreaseDecreaseInOtherOperatingLiabilities,10000000.000,,,,-11000000.000,,,,13000000.000,,,,-29000000.000,,,,4000000.000,,,,,,,,,
IncreaseDecreaseInReceivables,312000000.000,,,,303000000.000,,,,324000000.000,,,,363000000.000,,,,327000000.000,,,,269000000.000,,,,302000000.000,
IncreaseDecreaseInRestrictedCash,,,,,26000000.000,,,,0.000,,,,-1625000000.000,,,,,,,,,,,,,
IncrementalCommonSharesAttributableToShareBasedPaymentArrangements,1300000.000,1300000.000,1000000.000,-2500000.000,900000.000,900000.000,900000.000,-1900000.000,900000.000,900000.000,900000.000,-1900000.000,800000.000,700000.000,700000.000,-1500000.000,600000.000,1100000.000,900000.000,-1600000.000,900000.000,900000.000,0.000,-1000000.000,1100000.000,1100000.000
InterestExpense,53000000.000,55000000.000,51000000.000,51000000.000,51000000.000,50000000.000,54000000.000,55000000.000,53000000.000,47000000.000,48000000.000,48000000.000,47000000.000,48000000.000,47000000.000,45000000.000,29000000.000,34000000.000,31000000.000,32000000.000,31000000.000,31000000.000,34000000.000,29000000.000,25000000.000,26000000.000
InterestIncomeExpenseNet,-43000000.000,-44000000.000,-40000000.000,-41000000.000,-41000000.000,-41000000.000,-44000000.000,-45000000.000,-43000000.000,-38000000.000,-37000000.000,-35000000.000,-35000000.000,-35000000.000,-34000000.000,-33000000.000,-18000000.000,-24000000.000,-21000000.000,-23000000.000,-24000000.000,-24000000.000,-28000000.000,-23000000.000,-21000000.000,-22000000.000
InterestPaid,62000000.000,,,,65000000.000,,,,66000000.000,,,,,,,,,,,,,,,,,
InterestPaidNet,,,,,,,,,,,,,53000000.000,,,,17000000.000,,,,33000000.000,,,,23000000.000,
InvestmentIncomeInterest,,,11000000.000,,10000000.000,9000000.000,10000000.000,10000000.000,10000000.000,9000000.000,11000000.000,13000000.000,12000000.000,13000000.000,13000000.000,12000000.000,11000000.000,10000000.000,10000000.000,9000000.000,7000000.000,7000000.000,6000000.000,6000000.000,4000000.000,4000000.000
LitigationSettlementAmount,,,,,,,,,,,,,,,,,,,,,,,,,,18000000.000
LongTermPurchaseCommitmentAmount,23000000.000,,,,23000000.000,,,,,,,,,,,,,,,,,,,,,
MinorityInterestDecreaseFromDistributionsToNoncontrollingInterestHolders,,,,,15000000.000,,,,18000000.000,,,,40000000.000,,,,,,,,,,,,,
MinorityInterestDecreaseFromRedemptions,,,,,,,,,-19000000.000,,,,169000000.000,,,,5000000.000,,,,3000000.000,,,,5000000.000,
MinorityInterestInNetIncomeLossJointVenturePartners,,,,,,,,,-1562000000.000,,,,,,,,,,,,,,,,,
NetCashProvidedByUsedInFinancingActivities,-353000000.000,,,,-312000000.000,,,,-800000000.000,,,,-303000000.000,,,,458000000.000,,,,-409000000.000,,,,-372000000.000,
NetCashProvidedByUsedInFinancingActivitiesContinuingOperations,-353000000.000,,,,-312000000.000,,,,-800000000.000,,,,-263000000.000,,,,458000000.000,,,,-409000000.000,,,,-372000000.000,
NetCashProvidedByUsedInInvestingActivities,-45000000.000,,,,-181000000.000,,,,1614000000.000,,,,1595000000.000,,,,35000000.000,,,,-63000000.000,,,,-138000000.000,
NetCashProvidedByUsedInInvestingActivitiesContinuingOperations,-45000000.000,,,,-181000000.000,,,,1615000000.000,,,,1596000000.000,,,,35000000.000,,,,-63000000.000,,,,-138000000.000,
NetCashProvidedByUsedInOperatingActivities,-156000000.000,,,,-2000000.000,,,,-89000000.000,,,,163000000.000,,,,-429000000.000,,,,59000000.000,,,,9000000.000,
NetCashProvidedByUsedInOperatingActivitiesContinuingOperations,-156000000.000,,,,-2000000.000,,,,-93000000.000,,,,130000000.000,,,,-429000000.000,,,,59000000.000,,,,9000000.000,
NetIncomeLoss,228000000.000,340000000.000,311000000.000,216000000.000,13000000.000,362000000.000,339000000.000,227000000.000,2410000000.000,341000000.000,226000000.000,254000000.000,1262000000.000,386000000.000,371000000.000,83000000.000,322000000.000,337000000.000,433000000.000,314000000.000,347000000.000,370000000.000,-184000000.000,344000000.000,334000000.000,501000000.000
NetIncomeLossAttributableToNoncontrollingInterest,31000000.000,32000000.000,31000000.000,23000000.000,38000000.000,34000000.000,25000000.000,26000000.000,35000000.000,30000000.000,29000000.000,28000000.000,39000000.000,6000000.000,6000000.000,6000000.000,5000000.000,5000000.000,6000000.000,5000000.000,7000000.000,6000000.000,5000000.000,4000000.000,5000000.000,5000000.000
OperatingIncomeLoss,,594000000.000,564000000.000,,543000000.000,635000000.000,606000000.000,478000000.000,474000000.000,619000000.000,615000000.000,482000000.000,483000000.000,641000000.000,618000000.000,495000000.000,536000000.000,708000000.000,652000000.000,528000000.000,572000000.000,763000000.000,629000000.000,445000000.000,567000000.000,677000000.000
OtherComprehensiveIncomeDefinedBenefitPlansAdjustmentNetOfTaxPeriodIncreaseDecrease,44000000.000,5000000.000,45000000.000,-263000000.000,8000000.000,,,,,,,,,,,,,,,,,,,,,
OtherComprehensiveIncomeDerivativesQualifyingAsHedgesBeforeTaxPeriodIncreaseDecrease,15000000.000,,,,10000000.000,,,,,,,,,,,,,,,,,,,,,
OtherComprehensiveIncomeDerivativesQualifyingAsHedgesNetOfTaxPeriodIncreaseDecrease,9000000.000,-6000000.000,-32000000.000,-3000000.000,6000000.000,,,,,,,,,,,,,,,,,,,,,
OtherComprehensiveIncomeForeignCurrencyTransactionAndTranslationAdjustmentNetOfTaxPeriodIncreaseDecrease,173000000.000,111000000.000,-410000000.000,-71000000.000,137000000.000,,,,,,,,,,,,,,,,,,,,,
OtherComprehensiveIncomeForeignCurrencyTransactionAndTranslationAdjustmentNetOfTaxPortionAttributableToNoncontrollingInterest,3000000.000,5000000.000,-16000000.000,-1000000.000,4000000.000,-6000000.000,5000000.000,2000000.000,-3000000.000,-8000000.000,3000000.000,1000000.000,1000000.000,3000000.000,-6000000.000,-4000000.000,-5000000.000,0.000,-3000000.000,-5000000.000,-3000000.000,-5000000.000,1000000.000,-3000000.000,7000000.000,6000000.000
OtherComprehensiveIncomeLossBeforeReclassificationsNetOfTax,,,,,,,,,,,,,,,,,-429000000.000,,,,49000000.000,,,,262000000.000,
OtherComprehensiveIncomeLossBeforeReclassificationsTax,,,,,,,,,,,,,,,,,,,,,,,,,-2000000.000,
OtherComprehensiveIncomeLossDerivativesQualifyingAsHedgesBeforeTax,,,,,,,,,3000000.000,,,,,,,,,,,,,,,,,
OtherComprehensiveIncomeLossDerivativesQualifyingAsHedgesNetOfTax,,,,,,-12000000.000,-4000000.000,,5000000.000,2000000.000,2000000.000,1000000.000,3000000.000,-3000000.000,6000000.000,63000000.000,6000000.000,-2000000.000,2000000.000,-1000000.000,-8000000.000,0.000,8000000.000,4000000.000,-13000000.000,-4000000.000
OtherComprehensiveIncomeLossDerivativesQualifyingAsHedgesTax,,,,,,,,,4000000.000,,,,,,,,2000000.000,,,,-4000000.000,,,,-6000000.000,
OtherComprehensiveIncomeLossForeignCurrencyTransactionAndTranslationAdjustmentNetOfTax,,,,,,-184000000.000,85000000.000,,-131000000.000,-59000000.000,172000000.000,-33000000.000,17000000.000,41000000.000,-294000000.000,-360000000.000,-272000000.000,-27000000.000,-300000000.000,-118000000.000,45000000.000,-135000000.000,-147000000.000,-239000000.000,279000000.000,82000000.000
OtherComprehensiveIncomeLossForeignCurrencyTranslationAdjustmentTax,,,,,,,,,,,,,40000000.000,,,,,,,,,,,,,
OtherComprehensiveIncomeLossNetOfTax,,,,,,-146000000.000,94000000.000,,55000000.000,-39000000.000,173000000.000,210000000.000,31000000.000,52000000.000,-272000000.000,-673000000.000,-198000000.000,-23000000.000,-263000000.000,-115000000.000,56000000.000,-111000000.000,209000000.000,182000000.000,287000000.000,23000000.000
OtherComprehensiveIncomeLossNetOfTaxPeriodIncreaseDecrease,227000000.000,109000000.000,-397000000.000,-337000000.000,151000000.000,,,,,,,,,,,,,,,,,,,,,
OtherComprehensiveIncomeLossNetOfTaxPortionAttributableToParent,,,,,,,,,58000000.000,,,,30000000.000,,,,-193000000.000,,,,59000000.000,,,,280000000.000,
OtherComprehensiveIncomeLossPensionAndOtherPostretirementBenefitPlansAdjustmentNetOfTax,,,,,,-50000000.000,-13000000.000,,-181000000.000,-17000000.000,0.000,-242000000.000,-11000000.000,-14000000.000,-16000000.000,376000000.000,-68000000.000,-6000000.000,-35000000.000,-4000000.000,-19000000.000,-24000000.000,-348000000.000,-417000000.000,-21000000.000,55000000.000
OtherComprehensiveIncomeLossPensionAndOtherPostretirementBenefitPlansTax,,,,,,,,,70000000.000,,,,,,,,-24000000.000,,,,-20000000.000,,,,11000000.000,
OtherComprehensiveIncomeLossReclassificationAdjustmentOnDerivativesIncludedInNetIncomeNetOfTax,,,,,,,,,-6000000.000,,,,,,,,,,,,,,,,,
OtherComprehensiveIncomeReclassificationAdjustmentOnDerivativesIncludedInNetIncomeNetOfTax,-14000000.000,,,,-4000000.000,,,,,,,,,,,,,,,,,,,,,
OtherComprehensiveIncomeUnrealizedGainLossOnDerivativesArisingDuringPeriodNetOfTax,1000000.000,,,,6000000.000,,,,-3000000.000,,,,,,,,,,,,,,,,,
OtherComprehensiveIncomeUnrealizedHoldingGainLossOnSecuritiesArisingDuringPeriodNetOfTax,1000000.000,-1000000.000,,,,,,,,1000000.000,-1000000.000,,,0.000,0.000,,,,,,,,,,,
OtherExpenses,32000000.000,14000000.000,14000000.000,13000000.000,171000000.000,18000000.000,24000000.000,19000000.000,25000000.000,23000000.000,120000000.000,22000000.000,21000000.000,19000000.000,150000000.000,31000000.000,24000000.000,34000000.000,23000000.000,23000000.000,21000000.000,32000000.000,13000000.000,112000000.000,14000000.000,12000000.000
OtherIncome,50000000.000,61000000.000,53000000.000,13000000.000,31000000.000,34000000.000,45000000.000,39000000.000,24000000.000,30000000.000,31000000.000,46000000.000,25000000.000,31000000.000,160000000.000,44000000.000,31000000.000,38000000.000,40000000.000,36000000.000,18000000.000,53000000.000,23000000.000,82000000.000,25000000.000,72000000.000
OtherNoncashIncomeExpense,,,,,-14000000.000,,,,-14000000.000,,,,-12000000.000,,,,18000000.000,,,,-29000000.000,,,,-19000000.000,
OtherRestructuringCosts,,,,,8000000.000,,,,,,,,,,,,,,,,,,,,,
PaymentsForEnvironmentalLiabilities,19000000.000,16000000.000,9000000.000,15000000.000,13000000.000,12000000.000,20000000.000,21000000.000,23000000.000,32000000.000,30000000.000,35000000.000,39000000.000,48000000.000,31000000.000,47000000.000,36000000.000,20000000.000,18000000.000,35000000.000,14000000.000,9000000.000,12000000.000,12000000.000,12000000.000,10000000.000
PaymentsForHedgeInvestingActivities,,,,,41000000.000,,,,23000000.000,,,,,,,,34000000.000,,,,36000000.000,,,,34000000.000,
PaymentsForProceedsFromHedgeInvestingActivities,46000000.000,,,,,,,,,,,,45000000.000,,,,,,,,,,,,,
PaymentsForProceedsFromOtherInvestingActivities,,,,,,,,,,,,,,,,,,,,,-6000000.000,,,,-2000000.000,
PaymentsForRepurchaseOfCommonStock,283000000.000,,,,92000000.000,,,,140000000.000,,,,200000000.000,,,,200000000.000,,,,150000000.000,,,,163000000.000,
PaymentsForRestructuring,7000000.000,,,,7000000.000,,,,23000000.000,,,,20000000.000,,,,13000000.000,,,,18000000.000,,,,10000000.000,
PaymentsOfDividends,89000000.000,,,,87000000.000,,,,84000000.000,,,,85000000.000,,,,91000000.000,,,,96000000.000,,,,103000000.000,
PaymentsOfDividendsMinorityInterest,,,,,15000000.000,,,,18000000.000,,,,,,,,,,,,,,,,,
PaymentsRelatedToTaxWithholdingForShareBasedCompensation,,,,,,,,,,,,,,,,,,,,,,,,,16000000.000,
PaymentsToAcquireBusinessesNetOfCashAcquired,10000000.000,,,,44000000.000,,,,0.000,,,,22000000.000,,,,9000000.000,,,,6000000.000,,,,61000000.000,
PaymentsToAcquirePropertyPlantAndEquipment,54000000.000,,,,68000000.000,,,,65000000.000,,,,103000000.000,,,,72000000.000,,,,77000000.000,,,,64000000.000,
PaymentsToAcquireShortTermInvestments,100000000.000,,,,50000000.000,,,,225000000.000,,,,132000000.000,,,,0.000,,,,,,,,,
PensionAndOtherPostretirementBenefitExpense,,,,,,,,,2000000.000,,,,,,,,,,,,,,,,,
PensionContributions,101000000.000,,,,16000000.000,,,,15000000.000,,,,5000000.000,,,,276000000.000,,,,6000000.000,,,,34000000.000,
PensionExpense,34000000.000,,,,40000000.000,,,,31000000.000,,,,18000000.000,,,,24000000.000,,,,19000000.000,,,,18000000.000,
ProceedsFromDivestitureOfBusinesses,,,,,,,,,,,,,1740000000.000,,,,,,,,,,,,,
ProceedsFromDivestitureOfBusinessesNetOfCashDivested,,,,,,,,,940000000.000,,,,0.000,,,,47000000.000,,,,0.000,,,,,
ProceedsFromHedgeInvestingActivities,,,,,,,,,,,,,19000000.000,,,,19000000.000,,,,19000000.000,,,,0.000,
ProceedsFromIssuanceOfOtherLongTermDebt,2000000.000,,,,,,,,,,,,,,,,,,,,,,,,,
ProceedsFromNotesPayable,,,,,,,,,,,,,,,,,1240000000.000,,,,,,,,,
ProceedsFromOtherDebt,,,,,,,,,1000000.000,,,,2000000.000,,,,1242000000.000,,,,0.000,,,,,
ProceedsFromPaymentsForOtherFinancingActivities,-14000000.000,,,,-13000000.000,,,,4000000.000,,,,-3000000.000,,,,-19000000.000,,,,-14000000.000,,,,-53000000.000,
ProceedsFromRepaymentsOfShortTermDebt,,,,,,,,,,,,,,,,,,,,,,,,,-32000000.000,
ProceedsFromRepaymentsOfShortTermDebtMaturingInThreeMonthsOrLess,-4000000.000,,,,21000000.000,,,,6000000.000,,,,-10000000.000,,,,-20000000.000,,,,2000000.000,,,,-7000000.000,
ProceedsFromSaleMaturityAndCollectionOfShorttermInvestments,,,,,,,,,987000000.000,,,,250000000.000,,,,51000000.000,,,,31000000.000,,,,19000000.000,
ProceedsFromSaleOfOtherPropertyPlantAndEquipment,15000000.000,,,,29000000.000,,,,1000000.000,,,,4000000.000,,,,14000000.000,,,,,,,,,
ProceedsFromSaleOfTreasuryStock,37000000.000,,,,50000000.000,,,,32000000.000,,,,35000000.000,,,,44000000.000,,,,14000000.000,,,,9000000.000,
ProfitLoss,259000000.000,372000000.000,342000000.000,239000000.000,51000000.000,396000000.000,364000000.000,253000000.000,2445000000.000,371000000.000,255000000.000,282000000.000,1301000000.000,392000000.000,377000000.000,89000000.000,327000000.000,342000000.000,439000000.000,319000000.000,354000000.000,376000000.000,-179000000.000,348000000.000,339000000.000,506000000.000
ReclassificationFromAccumulatedOtherComprehensiveIncomeCurrentPeriodNetOfTax,,,,,,,,,,,,,,,,,62000000.000,,,,3000000.000,,,,20000000.000,
RepaymentsOfAssumedDebt,,,,,104000000.000,,,,0.000,,,,0.000,,,,,,,,,,,,,
RepaymentsOfDebt,,,,,,,,,600000000.000,,,,2000000.000,,,,1000000.000,,,,251000000.000,,,,7000000.000,
RepaymentsOfNotesPayable,,,,,71000000.000,,,,,,,,,,,,,,,,,,,,,
RepaymentsOfOtherDebt,,,,,,,,,1000000.000,,,,,,,,,,,,,,,,,
RepaymentsOfOtherLongTermDebt,2000000.000,,,,1000000.000,,,,,,,,,,,,,,,,,,,,,
RepaymentsOfShortTermDebt,,,,,,,,,,,,,,,,,497000000.000,,,,-86000000.000,,,,,
ResearchAndDevelopmentExpenseExcludingAcquiredInProcessCost,103000000.000,110000000.000,108000000.000,109000000.000,111000000.000,113000000.000,113000000.000,118000000.000,115000000.000,124000000.000,123000000.000,126000000.000,120000000.000,126000000.000,120000000.000,126000000.000,119000000.000,123000000.000,119000000.000,125000000.000,118000000.000,119000000.000,117000000.000,112000000.000,110000000.000,113000000.000
RestructuringCharges,,,,,208000000.000,,0.000,,0.000,0.000,98000000.000,0.000,,,0.000,,,140000000.000,0.000,,,0.000,0.000,,,
RestructuringCostsAndAssetImpairmentCharges,,,,,,,,,,,,,,,,,,,,,,0.000,0.000,,,
RestructuringReservePeriodIncreaseDecrease,,,,,-53000000.000,,,,154000000.000,,,,15000000.000,,,,,,,,,,,,,
RestructuringReserveTranslationAdjustment,,,,,,,,,,,,,,,,,,0.000,0.000,,0.000,,,,0.000,
Revenues,3583000000.000,4047000000.000,3902000000.000,3530000000.000,3783000000.000,3989000000.000,3890000000.000,3687000000.000,3355000000.000,4125000000.000,4011000000.000,3748000000.000,3661000000.000,4082000000.000,3935000000.000,3751000000.000,3662000000.000,4100000000.000,3872000000.000,3732000000.000,3672000000.000,4064000000.000,3789000000.000,3308000000.000,3569000000.000,3806000000.000
SalesRevenueNet,3533000000.000,3986000000.000,3849000000.000,3517000000.000,3752000000.000,3955000000.000,3845000000.000,3648000000.000,3331000000.000,4095000000.000,3980000000.000,3702000000.000,3636000000.000,4082000000.000,3935000000.000,3707000000.000,3662000000.000,4100000000.000,3872000000.000,3696000000.000,3672000000.000,4064000000.000,3789000000.000,3226000000.000,3569000000.000,3806000000.000
SegmentReportingInformationOperatingIncomeLoss,480000000.000,,,,,,,,,,,,,,,,,,,,,,,,,
SegmentReportingInformationRevenue,,3986000000.000,3849000000.000,,3752000000.000,3955000000.000,3845000000.000,3648000000.000,3331000000.000,4095000000.000,3980000000.000,3702000000.000,3636000000.000,,,,,,,,,,,,,
SellingGeneralAndAdministrativeExpense,797000000.000,829000000.000,806000000.000,802000000.000,851000000.000,821000000.000,816000000.000,847000000.000,797000000.000,981000000.000,964000000.000,957000000.000,900000000.000,985000000.000,941000000.000,932000000.000,914000000.000,954000000.000,890000000.000,921000000.000,919000000.000,956000000.000,899000000.000,888000000.000,896000000.000,865000000.000
SeveranceCosts,,,,,160000000.000,,,,,,,,,,,,,,,,,,,,,
SeveranceCosts1,,,,,,,,,,,,,,,,,,121000000.000,,,,,,,,
ShareBasedCompensation,11000000.000,10000000.000,6000000.000,9000000.000,14000000.000,17000000.000,21000000.000,21000000.000,15000000.000,17000000.000,27000000.000,22000000.000,18000000.000,20000000.000,15000000.000,20000000.000,15000000.000,25000000.000,3000000.000,13000000.000,10000000.000,17000000.000,12000000.000,0.000,16000000.000,8000000.000
ShareBasedCompensationArrangementByShareBasedPaymentAwardFairValueAssumptionsExpectedDividendRate,0.033,,,,0.033,,,,0.032,,,,0.030,,,,0.027,,,,0.021,,,,0.018,
ShareBasedCompensationArrangementByShareBasedPaymentAwardFairValueAssumptionsExpectedVolatilityRate,0.279,,,,0.294,,,,0.299,,,,0.301,,,,0.292,,,,0.228,,,,0.220,
ShareBasedCompensationArrangementByShareBasedPaymentAwardFairValueAssumptionsRiskFreeInterestRate,0.030,,,,0.013,,,,0.013,,,,0.021,,,,0.019,,,,0.016,,,,0.024,
ShareBasedCompensationArrangementByShareBasedPaymentAwardOptionsGrantsInPeriod,601862.000,,,,779498.000,,,,497711.000,,,,357781.000,,,,291586.000,,,,775319.000,,,,637607.000,
ShareBasedCompensationArrangementByShareBasedPaymentAwardOptionsGrantsInPeriodWeightedAverageGrantDateFairValue,19.220,,,,17.900,,,,27.370,,,,43.050,,,,53.960,,,,17.890,,,,21.150,
ShareBasedCompensationArrangementsByShareBasedPaymentAwardOptionsGrantsInPeriodWeightedAverageExercisePrice,,,,,,,,,131.510,,,,,,,,,,,,,,,,,
StockIssuedDuringPeriodValueTreasuryStockReissued,59000000.000,,,,58000000.000,,,,44000000.000,,,,46000000.000,,,,58000000.000,,,,34000000.000,,,,34000000.000,
StockholdersEquityNoteStockSplitConversionRatio1,,,,,,,,,,,,,,,,,,2.000,2.000,,2.000,,,,,
StockholdersEquityOther,,,,,1000000.000,,,,,,,,,,,,,,,,,,,,,
TaxBenefitFromStockOptionsExercised,4000000.000,4000000.000,2000000.000,3000000.000,5000000.000,,,,,,,,,,,,,,,,,,,,,
TaxBenefitFromStockOptionsExercised1,,,,,,6000000.000,7000000.000,,5000000.000,6000000.000,9000000.000,8000000.000,6000000.000,,,,,,,,,,,,,
TreasuryStockSharesAcquired,,,,,,,,,10825227.000,10825227.000,10825227.000,-21650454.000,,,,,,,,,,,,,,
TreasuryStockValueAcquiredCostMethod,283000000.000,,,,92000000.000,,,,140000000.000,,,,200000000.000,,,,200000000.000,,,,150000000.000,,,,163000000.000,
UnrealizedGainLossOnInterestRateCashFlowHedgesPretaxAccumulatedOtherComprehensiveIncomeLoss,,,,,37000000.000,,,,49000000.000,,,,-42000000.000,,,,382000000.000,,,,232000000.000,,,,438000000.000,
ValuationAllowancesAndReservesDeductions,,,,,,,,,,,,,,,,,,19000000.000,19000000.000,,0.000,,,,0.000,
WeightedAverageNumberDilutedSharesOutstandingAdjustment,2100000.000,2100000.000,1800000.000,-4000000.000,1700000.000,1800000.000,1800000.000,-3600000.000,1600000.000,1600000.000,1700000.000,-3200000.000,1600000.000,1500000.000,1500000.000,-3100000.000,1200000.000,2200000.000,2000000.000,-3200000.000,1800000.000,1900000.000,0.000,-1900000.000,1900000.000,1900000.000
WeightedAverageNumberOfDilutedSharesOutstanding,162500000.000,160300000.000,158600000.000,-322100000.000,154500000.000,155000000.000,155500000.000,-309900000.000,147700000.000,145000000.000,144900000.000,-292500000.000,140700000.000,140100000.000,139700000.000,-280700000.000,137800000.000,274700000.000,273100000.000,-412000000.000,269400000.000,269100000.000,266300000.000,-537400000.000,259500000.000,259000000.000
WeightedAverageNumberOfSharesOutstandingBasic,160400000.000,158200000.000,156800000.000,-318100000.000,152800000.000,153200000.000,153700000.000,-306300000.000,146100000.000,143400000.000,143200000.000,-289300000.000,139100000.000,138600000.000,138200000.000,-277600000.000,136600000.000,272500000.000,271100000.000,-408800000.000,267600000.000,267200000.000,266300000.000,-535500000.000,257600000.000,257100000.000
