,2011-03-31,2011-09-30,2011-12-31,2012-03-31,2012-06-30,2012-09-30,2012-12-31,2013-03-31,2013-06-30,2013-09-30,2013-12-31,2014-03-31,2014-06-30,2014-09-30,2014-12-31,2015-03-31,2015-06-30,2015-09-30,2015-12-31,2016-03-31,2016-06-30,2016-09-30,2016-12-31,2017-03-31
AdjustmentsNoncashItemsToReconcileNetIncomeLossToCashProvidedByUsedInOperatingActivitiesOther,,42000000.000,,,,,,,,,,,,,,,,,,,,,,
AllocatedShareBasedCompensationExpense,,,,109000000.000,,79000000.000,75000000.000,96000000.000,,84000000.000,69000000.000,94000000.000,,81000000.000,70000000.000,72000000.000,,66000000.000,74000000.000,79000000.000,,44000000.000,74000000.000,93000000.000
AmortizationOfIntangibleAssets,128000000.000,128000000.000,123000000.000,122000000.000,127000000.000,127000000.000,125000000.000,136000000.000,140000000.000,134000000.000,129000000.000,126000000.000,125000000.000,119000000.000,116000000.000,113000000.000,109000000.000,104000000.000,99000000.000,98000000.000,87000000.000,89000000.000,80000000.000,79000000.000
CashAndCashEquivalentsPeriodIncreaseDecrease,,814000000.000,,,,866000000.000,,,,175000000.000,,,,-1072000000.000,,,,869000000.000,,,,354000000.000,,
CashProvidedByUsedInInvestingActivitiesDiscontinuedOperations,,,,,,,,,,,,,,,,,,,,,,-348000000.000,,
CommonStockDividendsPerShareCashPaid,0.482,0.525,0.525,0.525,0.565,0.562,0.562,0.562,0.604,0.602,0.602,0.602,0.644,0.644,0.644,0.644,0.658,0.663,0.663,0.663,0.671,0.670,0.669,0.669
ComprehensiveIncomeNetOfTax,4734000000.000,83000000.000,,,,3959000000.000,4540000000.000,1985000000.000,2658000000.000,3790000000.000,3787000000.000,2341000000.000,1554000000.000,-141000000.000,910000000.000,-381000000.000,1530000000.000,1635000000.000,2618000000.000,3442000000.000,-314000000.000,2678000000.000,7296000000.000,3089000000.000
ComprehensiveIncomeNetOfTaxAttributableToNoncontrollingInterest,,,,,,48000000.000,21000000.000,18000000.000,7000000.000,35000000.000,50000000.000,26000000.000,39000000.000,12000000.000,-18000000.000,35000000.000,79000000.000,34000000.000,22000000.000,33000000.000,7000000.000,43000000.000,21000000.000,34000000.000
ComprehensiveIncomeNetOfTaxIncludingPortionAttributableToNoncontrollingInterest,,,334000000.000,3778000000.000,,4007000000.000,4561000000.000,2003000000.000,2665000000.000,3825000000.000,3837000000.000,2367000000.000,1593000000.000,-129000000.000,892000000.000,-346000000.000,1609000000.000,1669000000.000,2640000000.000,3475000000.000,-307000000.000,2721000000.000,7317000000.000,3123000000.000
CostOfGoodsSold,10005000000.000,11061000000.000,11125000000.000,10237000000.000,9968000000.000,10350000000.000,10880000000.000,10344000000.000,10854000000.000,10810000000.000,11130000000.000,10601000000.000,9919000000.000,10552000000.000,10083000000.000,9327000000.000,8914000000.000,8152000000.000,8460000000.000,7915000000.000,8382000000.000,8102000000.000,8298000000.000,7836000000.000
DeferredIncomeTaxExpenseBenefit,,126000000.000,,,,-18000000.000,,,,-11000000.000,,,,-15000000.000,,,,89000000.000,,,,-177000000.000,,
DepreciationAndAmortization,,743000000.000,,,,710000000.000,,,,771000000.000,,,,794000000.000,,,,731000000.000,,,,728000000.000,,
DiscontinuedOperationGainLossFromDisposalOfDiscontinuedOperationBeforeIncomeTax,,,,,,,,,,,,,,,13000000.000,-3000000.000,,,,,,,,
DiscontinuedOperationIncomeLossFromDiscontinuedOperationDuringPhaseOutPeriodBeforeIncomeTax,,,,,,,,,,,,,,,252000000.000,36000000.000,,,,,,,,
DiscontinuedOperationIncomeLossFromDiscontinuedOperationNetOfTaxPerBasicShare,,,,,,,,,,,,,,,-0.210,-0.110,,-0.050,0.120,0.170,,-0.040,2.050,0.000
DiscontinuedOperationIncomeLossFromDiscontinuedOperationNetOfTaxPerDilutedShare,,,,,,,,,,,,,,,-0.200,-0.100,,-0.050,0.110,0.160,,-0.040,1.950,0.000
DiscontinuedOperationTaxEffectOfIncomeLossFromDiscontinuedOperationDuringPhaseOutPeriod,,,,,,,,,,,,,,,103000000.000,10000000.000,,,,,,,,
DiscontinuedOperationTaxEffectOfIncomeLossFromDisposalOfDiscontinuedOperation,,,,,,,,,,,,,,,-1000000.000,2000000.000,,,,,,,,
DisposalGroupIncludingDiscontinuedOperationOtherExpense,,,,,,,,,,,,,,,740000000.000,308000000.000,,,,,,,,
DisposalGroupIncludingDiscontinuedOperationRevenue,,,,,,,,,,,,,,,854000000.000,410000000.000,,,,,,,,
DividendsPreferredStock,,,,,,,,,,,,,,60000000.000,,59000000.000,,65000000.000,64000000.000,63000000.000,63000000.000,63000000.000,61000000.000,60000000.000
EarningsPerShareBasic,1.010,1.080,0.590,0.850,1.300,1.000,1.460,0.920,0.660,,,,,0.710,0.850,0.770,0.170,0.930,1.160,1.000,0.710,0.990,3.010,0.960
EarningsPerShareDiluted,0.960,1.030,0.570,0.820,1.240,0.960,1.390,0.880,0.630,,,,,0.690,0.820,0.750,0.180,0.910,1.120,0.970,0.690,0.960,2.880,0.930
EffectOfExchangeRateOnCashAndCashEquivalents,,-75000000.000,,,,66000000.000,,,,-52000000.000,,,,-132000000.000,,,,-152000000.000,,,,-43000000.000,,
GainLossOnSaleOfBusiness,,,,,,17000000.000,,,,2000000.000,,,,234000000.000,,,,7000000.000,,,,75000000.000,,
GoodwillAndIntangibleAssetImpairment,,,,,,,,,,,,,,973000000.000,,,,,,,,,,
GoodwillImpairmentLoss,,,1308000000.000,,,,,,,,,,,863000000.000,,,,,,,,,,
GoodwillTranslationAndPurchaseAccountingAdjustments,,-1482000000.000,,,,589000000.000,,,,686000000.000,,,,-1478000000.000,,,,-10000000.000,,,,121000000.000,,
ImpairmentOfRealEstate,,,,220000000.000,,,,,,,,,,,,,,,,,,,,
IncomeLossFromContinuingOperations,2873000000.000,3024000000.000,,,,,,,,,,,,1973000000.000,,,,,,,,,,
IncomeLossFromContinuingOperationsIncludingPortionAttributableToNoncontrollingInterest,,,,2433000000.000,,2853000000.000,4076000000.000,2591000000.000,1882000000.000,3057000000.000,3472000000.000,,,2003000000.000,2975000000.000,2475000000.000,1477000000.000,2777000000.000,2905000000.000,2337000000.000,2008000000.000,2875000000.000,2561000000.000,2556000000.000
IncomeLossFromContinuingOperationsPerBasicShare,1.010,,,0.840,,1.000,1.460,0.920,0.660,1.090,1.240,0.940,0.890,0.700,1.060,0.880,0.520,0.980,1.040,0.830,0.740,1.030,0.960,0.960
IncomeLossFromContinuingOperationsPerDilutedShare,0.960,,,0.810,,0.960,1.390,0.880,0.630,1.040,1.180,0.900,0.860,0.680,1.020,0.850,0.510,0.960,1.010,0.810,0.710,1.000,0.930,0.930
IncomeLossFromDiscontinuedOperationsNetOfTax,,,,34000000.000,,0.000,0.000,0.000,0.000,,,,,17000000.000,-577000000.000,-287000000.000,-939000000.000,-142000000.000,323000000.000,446000000.000,-50000000.000,-118000000.000,5335000000.000,0.000
IncomeLossFromDiscontinuedOperationsNetOfTaxAttributableToReportingEntity,,,,,,,,,,,,,,17000000.000,,,,,,,,,,
IncomeLossFromDiscontinuedOperationsNetOfTaxPerBasicShare,,,,0.010,,0.000,0.000,0.000,0.000,,,,,0.010,,,,,,,,,,
IncomeLossFromDiscontinuedOperationsNetOfTaxPerDilutedShare,,,,0.010,,0.000,0.000,0.000,0.000,,,,,0.010,,,,,,,,,,
IncomeTaxExpenseBenefit,768000000.000,1071000000.000,995000000.000,754000000.000,648000000.000,973000000.000,1142000000.000,697000000.000,629000000.000,955000000.000,959000000.000,692000000.000,572000000.000,820000000.000,865000000.000,602000000.000,629000000.000,877000000.000,898000000.000,889000000.000,678000000.000,863000000.000,695000000.000,780000000.000
IncreaseDecreaseInAccountsPayableAndAccruedLiabilities,,-479000000.000,,,,64000000.000,,,,-809000000.000,,,,812000000.000,,,,298000000.000,,,,298000000.000,,
IncreaseDecreaseInAccountsReceivable,,639000000.000,,,,795000000.000,,,,3000000.000,,,,101000000.000,,,,368000000.000,,,,424000000.000,,
IncreaseDecreaseInInventories,,927000000.000,,,,502000000.000,,,,452000000.000,,,,568000000.000,,,,519000000.000,,,,287000000.000,,
IncreaseDecreaseInOtherOperatingCapitalNet,,-199000000.000,,,,-397000000.000,,,,731000000.000,,,,316000000.000,,,,-141000000.000,,,,-135000000.000,,
IncreaseDecreaseInRestrictedCash,,,,,,,,,,,,,,,,,,,,,,874000000.000,,
IncrementalCommonSharesAttributableToConversionOfPreferredStock,,,,,,,,,,,,,,110200000.000,,108100000.000,,105700000.000,104700000.000,103400000.000,-209900000.000,101000000.000,100100000.000,98700000.000
IncrementalCommonSharesAttributableToShareBasedPaymentArrangements,,,,,,,,,,,,,,67200000.000,,62700000.000,,41700000.000,41000000.000,42900000.000,-84000000.000,47200000.000,40900000.000,43500000.000
IndefiniteLivedIntangibleAssetsImpairmentLosses,,,246000000.000,,,,,,,,,,,,,,,,,,,,,
InterestExpense,202000000.000,207000000.000,201000000.000,179000000.000,182000000.000,172000000.000,169000000.000,163000000.000,163000000.000,165000000.000,187000000.000,179000000.000,178000000.000,169000000.000,160000000.000,149000000.000,148000000.000,140000000.000,143000000.000,146000000.000,150000000.000,131000000.000,122000000.000,96000000.000
InvestmentIncomeInterest,,,,,,,,,,21000000.000,23000000.000,29000000.000,27000000.000,31000000.000,34000000.000,38000000.000,48000000.000,44000000.000,58000000.000,33000000.000,47000000.000,35000000.000,42000000.000,46000000.000
NetCashProvidedByUsedInFinancingActivities,,-419000000.000,,,,-1231000000.000,,,,-971000000.000,,,,-5015000000.000,,,,-1971000000.000,,,,-507000000.000,,
NetCashProvidedByUsedInFinancingActivitiesContinuingOperations,,-419000000.000,,,,-1231000000.000,,,,-971000000.000,,,,-5015000000.000,,,,-1971000000.000,,,,-507000000.000,,
NetCashProvidedByUsedInInvestingActivities,,-859000000.000,,,,-739000000.000,,,,-846000000.000,,,,442000000.000,,,,-546000000.000,,,,-2121000000.000,,
NetCashProvidedByUsedInInvestingActivitiesContinuingOperations,,-859000000.000,,,,-739000000.000,,,,-846000000.000,,,,442000000.000,,,,-546000000.000,,,,-2121000000.000,,
NetCashProvidedByUsedInOperatingActivities,,2167000000.000,,,,2770000000.000,,,,2044000000.000,,,,3633000000.000,,,,3538000000.000,,,,3025000000.000,,
NetCashProvidedByUsedInOperatingActivitiesContinuingOperations,,2167000000.000,,,,2770000000.000,,,,2044000000.000,,,,3633000000.000,,,,3538000000.000,,,,3025000000.000,,
NetIncomeLoss,2873000000.000,3024000000.000,1690000000.000,2411000000.000,3631000000.000,2814000000.000,4057000000.000,2566000000.000,1875000000.000,3027000000.000,3428000000.000,2609000000.000,2579000000.000,1990000000.000,2372000000.000,2153000000.000,521000000.000,2601000000.000,3206000000.000,2750000000.000,1951000000.000,2714000000.000,7875000000.000,2522000000.000
NetIncomeLossAttributableToNoncontrollingInterest,,,23000000.000,56000000.000,,39000000.000,19000000.000,25000000.000,7000000.000,30000000.000,44000000.000,27000000.000,41000000.000,30000000.000,26000000.000,35000000.000,17000000.000,34000000.000,22000000.000,33000000.000,7000000.000,43000000.000,21000000.000,34000000.000
NetIncomeLossAttributableToParentDiluted,,,,,,,,,,,,,,,,2153000000.000,,2601000000.000,3206000000.000,2750000000.000,1951000000.000,2714000000.000,7875000000.000,2522000000.000
NetIncomeLossAvailableToCommonStockholdersBasic,,,,,,,,,,,,,,1930000000.000,,2094000000.000,,2536000000.000,3142000000.000,2687000000.000,1888000000.000,2651000000.000,7814000000.000,2462000000.000
OperatingIncomeLoss,3772000000.000,4334000000.000,2739000000.000,3299000000.000,2920000000.000,3951000000.000,4492000000.000,3405000000.000,2633000000.000,4151000000.000,4552000000.000,3458000000.000,3127000000.000,2940000000.000,3947000000.000,3135000000.000,1768000000.000,3768000000.000,3853000000.000,3318000000.000,2502000000.000,3771000000.000,3875000000.000,3360000000.000
OtherComprehensiveIncomeLossAvailableForSaleSecuritiesAdjustmentNetOfTax,,,,,,,,8000000.000,,14000000.000,-15000000.000,-1000000.000,11000000.000,-3000000.000,1000000.000,28000000.000,-2000000.000,8000000.000,-28000000.000,36000000.000,12000000.000,-13000000.000,-55000000.000,4000000.000
OtherComprehensiveIncomeLossAvailableForSaleSecuritiesTax,,,,,,,,,,3000000.000,,,,1000000.000,,,,,,,,,,
OtherComprehensiveIncomeLossBeforeReclassificationsNetOfTax,,,,,,,,,,,,,,-2161000000.000,,,,-1033000000.000,,,,-133000000.000,,
OtherComprehensiveIncomeLossDerivativesQualifyingAsHedgesNetOfTax,,,,,,-230000000.000,85000000.000,358000000.000,-69000000.000,-239000000.000,-71000000.000,-12000000.000,-25000000.000,408000000.000,365000000.000,780000000.000,-319000000.000,-42000000.000,252000000.000,-382000000.000,173000000.000,-115000000.000,864000000.000,-192000000.000
OtherComprehensiveIncomeLossDerivativesQualifyingAsHedgesTax,,,,,,,,,,-144000000.000,,,,250000000.000,,,,,,,,,,
OtherComprehensiveIncomeLossForeignCurrencyTransactionAndTranslationAdjustmentNetOfTax,,,,,,1411000000.000,336000000.000,-1143000000.000,106000000.000,1049000000.000,431000000.000,-316000000.000,-120000000.000,-2836000000.000,-2091000000.000,-3696000000.000,1403000000.000,-1023000000.000,-955000000.000,1041000000.000,-742000000.000,-1000000.000,-1988000000.000,726000000.000
OtherComprehensiveIncomeLossNetOfTax,,,,,,1154000000.000,485000000.000,-588000000.000,783000000.000,768000000.000,365000000.000,-269000000.000,-1027000000.000,-2149000000.000,-1506000000.000,-2534000000.000,1071000000.000,-966000000.000,-588000000.000,692000000.000,-2265000000.000,-36000000.000,-579000000.000,567000000.000
OtherComprehensiveIncomeLossPensionAndOtherPostretirementBenefitPlansAdjustmentNetOfTax,,,,,,-27000000.000,64000000.000,-189000000.000,-852000000.000,56000000.000,-20000000.000,-60000000.000,893000000.000,-282000000.000,-219000000.000,-354000000.000,11000000.000,-91000000.000,-143000000.000,3000000.000,1708000000.000,-93000000.000,-600000000.000,-29000000.000
OtherComprehensiveIncomeLossPensionAndOtherPostretirementBenefitPlansTax,,,,,,,,,,-33000000.000,,,,-90000000.000,,,,,,,,,,
OtherNoncashExpense,,,,,,,,,,,,,,,,,,,,,,26000000.000,,
OtherNoncashIncomeExpense,,,,,,-1000000.000,,,,-140000000.000,,,,-187000000.000,,,,-69000000.000,,,,,,
OtherNonoperatingIncomeExpense,71000000.000,-32000000.000,170000000.000,67000000.000,57000000.000,47000000.000,895000000.000,46000000.000,-46000000.000,5000000.000,43000000.000,20000000.000,138000000.000,21000000.000,19000000.000,53000000.000,438000000.000,-18000000.000,35000000.000,21000000.000,287000000.000,63000000.000,-539000000.000,26000000.000
PaymentsForDepositsAppliedToDebtRetirements,,,,,,,,,,,,,,,,,,,,,,,2500000000.000,2500000000.000
PaymentsForProceedsFromBusinessesAndInterestInAffiliates,,6000000.000,,,,-12000000.000,,,,-1000000.000,,,,15000000.000,,,,0.000,,,,14000000.000,,
PaymentsForProceedsFromInvestments,,25000000.000,,,,12000000.000,,,,124000000.000,,,,440000000.000,,,,-24000000.000,,,,-4000000.000,,
PaymentsForRepurchaseOfCommonStock,,1261000000.000,,,,2584000000.000,,,,2502000000.000,,,,2378000000.000,,,,502000000.000,,,,1002000000.000,,
PaymentsForRestructuring,,,,,,,,,,-67000000.000,,,,157000000.000,,,,182000000.000,,,,71000000.000,,
PaymentsOfDividends,,1503000000.000,,,,1605000000.000,,,,1708000000.000,,,,1806000000.000,,,,1865000000.000,,,,1851000000.000,,
PaymentsToAcquireAvailableForSaleSecurities,,,,,,,,,,,,,,1342000000.000,,,,,,,,,,
PaymentsToAcquirePropertyPlantAndEquipment,,833000000.000,,,,805000000.000,,,,725000000.000,,,,810000000.000,,,,532000000.000,,,,684000000.000,,
PaymentsToAcquireShortTermInvestments,,,,,,,,,,,,,,,,,,494000000.000,,,,631000000.000,,
ProceedsFromIssuanceOfLongTermDebt,,1988000000.000,,,,2225000000.000,,,,1073000000.000,,,,0.000,,,,,,,,,,
ProceedsFromRepaymentsOfOtherLongTermDebt,,,,,,,,,,,,,,,,,,,,,,891000000.000,,
ProceedsFromRepaymentsOfShortTermDebt,,1217000000.000,,,,1033000000.000,,,,1862000000.000,,,,105000000.000,,,,450000000.000,,,,1519000000.000,,
ProceedsFromSaleOfAvailableForSaleSecurities,,,,,,,,,,,,,,101000000.000,,,,,,,,,,
ProceedsFromSaleOfProductiveAssets,,5000000.000,,,,66000000.000,,,,2000000.000,,,,2948000000.000,,,,38000000.000,,,,183000000.000,,
ProceedsFromSaleOfShortTermInvestments,,,,,,,,,,,,,,,,,,418000000.000,,,,243000000.000,,
ProfitLoss,,,1713000000.000,2467000000.000,,2853000000.000,4076000000.000,2591000000.000,1882000000.000,3057000000.000,3472000000.000,2636000000.000,2620000000.000,2020000000.000,2398000000.000,2188000000.000,538000000.000,2635000000.000,3228000000.000,2783000000.000,1958000000.000,2757000000.000,7896000000.000,2556000000.000
RepaymentsOfLongTermDebt,,1013000000.000,,,,1251000000.000,,,,0.000,,,,1902000000.000,,,,537000000.000,,,,1001000000.000,,
RestructuringCharges,,,,518000000.000,,354000000.000,238000000.000,180000000.000,184000000.000,129000000.000,173000000.000,212000000.000,292000000.000,158000000.000,183000000.000,322000000.000,405000000.000,143000000.000,219000000.000,229000000.000,386000000.000,168000000.000,180000000.000,157000000.000
RestructuringReservePeriodExpense,,,,518000000.000,,,,,,,,,,,,,,,,,,,,
RestructuringReserveSettledWithCash,,,,,,210000000.000,,,,,,,,,,,,,,,,,,
RestructuringReserveSettledWithoutCash,,,,,,21000000.000,,,,,,,,,,,,,,,,,,
RestructuringReserveSettledWithoutCash1,,,,,,,,,,-53000000.000,,,,-50000000.000,,,,-50000000.000,,,,,,
RestructuringReserveSettledWithoutCash2,,,,,,,,,,,,,,,,,,,,,,105000000.000,,
Revenues,20230000000.000,21917000000.000,22135000000.000,20194000000.000,19434000000.000,20739000000.000,22175000000.000,20598000000.000,20655000000.000,21205000000.000,22280000000.000,20559000000.000,19018000000.000,20792000000.000,20161000000.000,18142000000.000,17184000000.000,16527000000.000,16915000000.000,15755000000.000,16102000000.000,16518000000.000,16856000000.000,15605000000.000
SalesRevenueNet,20230000000.000,21917000000.000,22135000000.000,20194000000.000,19434000000.000,20739000000.000,22175000000.000,20598000000.000,20655000000.000,21205000000.000,22280000000.000,20559000000.000,19018000000.000,20792000000.000,20161000000.000,18142000000.000,17184000000.000,16527000000.000,16915000000.000,15755000000.000,16102000000.000,16518000000.000,16856000000.000,15605000000.000
SellingGeneralAndAdministrativeExpense,6453000000.000,6522000000.000,6717000000.000,6636000000.000,6546000000.000,6438000000.000,6803000000.000,6849000000.000,6860000000.000,6244000000.000,6598000000.000,6500000000.000,5972000000.000,6327000000.000,6131000000.000,5680000000.000,5447000000.000,4607000000.000,4602000000.000,4522000000.000,5218000000.000,4645000000.000,4683000000.000,4409000000.000
ShareBasedCompensation,115000000.000,80000000.000,88000000.000,,,79000000.000,,,,84000000.000,,,,81000000.000,,,,67000000.000,,,,44000000.000,,
StockOptionPlanExpense,101000000.000,62000000.000,76000000.000,,,,,,,,,,,,,,,,,,,,,
WeightedAverageNumberOfDilutedSharesOutstanding,2999300000.000,2945800000.000,2949700000.000,2937800000.000,-5892100000.000,2931700000.000,2919100000.000,2930700000.000,-5850900000.000,2924300000.000,2908500000.000,2894100000.000,-5822200000.000,2888000000.000,2885200000.000,2882500000.000,-5772100000.000,2867500000.000,2864600000.000,2835000000.000,-5722700000.000,2822900000.000,2737600000.000,2705500000.000
WeightedAverageNumberOfSharesOutstandingBasic,,,,,,,,,,,,,,2710600000.000,,2711700000.000,,2720100000.000,2718900000.000,2688700000.000,-5428800000.000,2674700000.000,2596600000.000,2563300000.000
