,2011-06-30,2011-12-31,2012-03-31,2012-06-30,2012-09-30,2012-12-31,2013-03-31,2013-06-30,2013-09-30,2013-12-31,2014-03-31,2014-06-30,2014-09-30,2014-12-31,2015-03-31,2015-06-30,2015-09-30,2015-12-31,2016-03-31,2016-06-30,2016-09-30,2016-12-31,2017-03-31
AdjustmentsToReconcileNetIncomeLossToCashProvidedByUsedInOperatingActivities,,12536000.000,,,,-700000.000,,,,3221000.000,,,,-59796000.000,,,,44000.000,,,,1618000.000,
AllocatedShareBasedCompensationExpense,,,,,,,,,,,,,,1774000.000,1034000.000,401000.000,411000.000,363000.000,613000.000,727000.000,459000.000,763000.000,829000.000
AllowanceForDoubtfulAccountsReceivablePeriodIncreaseDecrease,,,,,,,,,,-35000.000,,,,290000.000,,,,,,,,,
AllowanceForDoubtfulAccountsReceivableWriteOffs,,,,,,,,,,,,,,,,,,,,,,3000.000,27000.000
AntidilutiveSecuritiesExcludedFromComputationOfEarningsPerShareAmount,,,,,,2913000.000,1869000.000,2873000.000,-5264000.000,3049000.000,3028000.000,3091000.000,-7232000.000,2649000.000,2214000.000,749000.000,-4221000.000,858000.000,721000.000,522000.000,-1593000.000,529000.000,370000.000
AssetRetirementObligationAccretionExpense,,,,51000.000,,100000.000,,100000.000,,100000.000,100000.000,100000.000,-100000.000,16000.000,52000.000,22000.000,20000.000,15000.000,15000.000,15000.000,21000.000,17000.000,17000.000
AssetRetirementObligationPeriodIncreaseDecrease,,,,,,,,,,,,,,,,,,300000.000,,,,,
AssetRetirementObligationRevisionOfEstimate,,,,,,,,,,,,,,-2879000.000,,,,-2879000.000,,,,,
CapitalLeaseObligationsIncurred,,,,,,257000.000,,,,0.000,,,,,,,,,,,,,
CashAndCashEquivalentsPeriodIncreaseDecrease,,6541000.000,,,,2836000.000,,,,2040000.000,,,,126889000.000,,,,3635000.000,,,,-1724000.000,
ComprehensiveIncomeNetOfTax,-11383000.000,-13828000.000,-9311000.000,-9030000.000,-6538000.000,2895000.000,11621000.000,-7146000.000,-2135000.000,-2009000.000,-5475000.000,-3150000.000,15700000.000,55417000.000,3044000.000,2610000.000,1039000.000,899000.000,4025000.000,1116000.000,1958000.000,1497000.000,2124000.000
CostOfRevenue,40010000.000,33983000.000,32404000.000,36677000.000,42891000.000,38358000.000,34444000.000,29429000.000,37718000.000,34076000.000,35381000.000,35189000.000,37458000.000,13237000.000,12678000.000,13511000.000,13568000.000,15089000.000,14510000.000,14964000.000,16481000.000,20133000.000,21553000.000
DeferredIncomeTaxExpenseBenefit,,,,,,,,,,,,,,24080000.000,,,,0.000,,,,,
DepreciationDepletionAndAmortization,,2775000.000,,1966000.000,,2018000.000,2044000.000,2099000.000,2527000.000,2068000.000,2095000.000,2173000.000,2182000.000,1234000.000,,,,506000.000,,,,758000.000,
DiscontinuedOperationGainLossOnDisposalOfDiscontinuedOperationNetOfTaxPerBasicAndDilutedShare,,,,,,,,,,,,,,1.900,0.130,,,0.040,0.160,,,,
DiscontinuedOperationIncomeLossFromDiscontinuedOperationNetOfTaxPerBasicShare,,,,,,,,,,,,,,,,0.060,,,,0.000,,0.000,0.000
DiscontinuedOperationIncomeLossFromDiscontinuedOperationNetOfTaxPerDilutedShare,,,,,,,,,,,,,,,,0.060,,,,0.000,,0.000,0.000
DiscontinuedOperationTaxEffectOfDiscontinuedOperation,,,,,,,,,,,,,,,,,,,,,,,0.000
DiscontinuedOperationTaxEffectOfIncomeLossFromDisposalOfDiscontinuedOperation,,,,,,,,,,,,,,30200000.000,-2100000.000,-1600000.000,0.000,0.000,200000.000,-200000.000,-24000.000,0.000,
DisposalGroupIncludingDiscontinuedOperationRevenue,,,,1800000.000,,,,,,,,,,,,,,,,,,,
DisposalGroupNotDiscontinuedOperationGainLossOnDisposal,,,,2800000.000,,,,,,,,,,,,,,,,,,,
EarningsPerShareBasic,-0.120,-0.150,-0.400,-0.380,-0.730,0.110,0.440,-0.270,-0.090,-0.070,-0.180,-0.100,0.510,,,0.080,,,,0.050,,0.070,0.070
EarningsPerShareBasicAndDiluted,,,,,,,,,,,,,,1.800,0.100,,,0.040,0.150,,,,
EarningsPerShareDiluted,-0.120,-0.150,-0.400,-0.380,-0.730,0.110,0.440,-0.270,-0.090,-0.070,-0.180,-0.100,0.510,,,0.080,,0.040,,0.050,,0.070,0.070
EffectOfExchangeRateOnCashAndCashEquivalents,,101000.000,,,,34000.000,,,,-61000.000,,,,23000.000,,,,121000.000,,,,352000.000,
EffectiveIncomeTaxRateContinuingOperations,,,,,,,,,,,,,,0.379,0.293,0.496,-0.677,-0.015,0.489,0.129,-0.598,0.064,-0.004
ForeignCurrencyTransactionGainLossBeforeTax,625000.000,89000.000,167000.000,-196000.000,-15000.000,101000.000,-21000.000,181000.000,95000.000,100000.000,-90000.000,5000.000,-5000.000,57000.000,-6000.000,50000.000,-239000.000,-135000.000,25000.000,-201000.000,-83000.000,-403000.000,44000.000
GainLossOnContractTermination,,,,,,0.000,,,,,,,,,,,,310000.000,,,,0.000,
GainLossOnDispositionOfAssets,,,,,,,,,,,,,,-237000.000,,,,0.000,,,,,
GainLossOnDispositionOfProperty,,-35000.000,,,,0.000,,,,,,,,,,,,,,,,,
GainLossOnInvestments,,,,,,,,,,290000.000,17000.000,0.000,0.000,0.000,0.000,0.000,0.000,,,,,,
GainLossOnSaleOfBusiness,,,,,,,,,,,,,,87022000.000,,,,0.000,,,,,
GainLossOnSaleOfInvestments,,,,,,,,,,-290000.000,,,,0.000,,,,,,,,,
GainLossRelatedToLitigationSettlement,-1465000.000,,0.000,-1050000.000,,,,0.000,,,,,,,,,,,,,,,
GainsLossesOnSalesOfAssets,,,,2793000.000,,,413000.000,0.000,,,0.000,0.000,,-228000.000,0.000,0.000,0.000,0.000,0.000,41000.000,0.000,,
GrossProfit,9470000.000,3468000.000,5376000.000,4385000.000,4597000.000,10948000.000,7833000.000,4044000.000,5373000.000,10135000.000,6866000.000,9393000.000,6280000.000,5179000.000,6379000.000,7683000.000,9450000.000,7401000.000,7022000.000,7412000.000,9119000.000,10043000.000,11038000.000
ImpairmentOfIntangibleAssetsFinitelived,,,,300000.000,,,,,,,,,,,,,,,,,,,
ImpairmentOfLongLivedAssetsHeldForUse,,,,1425000.000,,,,0.000,,,,,,,,,,,,,,,
IncomeLossBeforeExtraordinaryItemsAndCumulativeEffectOfChangeInAccountingPrinciplePerBasicShare,,,,,,,,,,,,,,,,,,0.040,0.150,0.050,0.080,0.070,0.070
IncomeLossFromContinuingOperationsBeforeIncomeTaxesExtraordinaryItemsNoncontrollingInterest,,-12585000.000,-9335000.000,-9039000.000,-6568000.000,2946000.000,11697000.000,-7283000.000,-2252000.000,-2054000.000,-5432000.000,-3150000.000,-8592000.000,-5042000.000,-1352000.000,920000.000,1011000.000,-132000.000,-317000.000,1353000.000,1729000.000,1886000.000,1847000.000
IncomeLossFromContinuingOperationsIncludingPortionAttributableToNoncontrollingInterest,,,,,,,,,,,,,,-3130000.000,-956000.000,464000.000,1350000.000,-134000.000,-162000.000,1178000.000,1737000.000,1766000.000,1855000.000
IncomeLossFromContinuingOperationsPerBasicAndDilutedShare,,,,,,,,,,,,,,-0.100,-0.030,,,0.000,-0.010,,,,
IncomeLossFromContinuingOperationsPerBasicShare,,,,,,,,,,,,,,,,0.020,,0.000,-0.010,0.050,0.060,0.070,0.070
IncomeLossFromContinuingOperationsPerDilutedShare,,,,,,,,,,,,,,,,0.020,,0.000,,0.050,,0.070,0.070
IncomeLossFromDiscontinuedOperationsNetOfTax,,,,,,,,,,,,,,59258000.000,4008000.000,1976000.000,130000.000,1121000.000,4144000.000,123000.000,259000.000,-9000.000,-7000.000
IncomeLossFromDiscontinuedOperationsNetOfTaxPerBasicShare,,,,,,,,,,,,,,,,,,0.040,0.160,0.000,0.020,0.000,0.000
IncomeLossFromDiscontinuedOperationsNetOfTaxPerDilutedShare,,,,,,,,,,,,,,,,,,0.040,,0.000,,0.000,0.000
IncomeLossFromEquityMethodInvestments,-259000.000,-960000.000,-241000.000,0.000,0.000,0.000,0.000,0.000,0.000,,,,,,,,,,,,,,
IncomeTaxCreditsAndAdjustments,,,,,,,,,,600000.000,,200000.000,,600000.000,,,,,,,,,
IncomeTaxExpenseBenefit,,1644000.000,0.000,0.000,0.000,120000.000,0.000,0.000,0.000,0.000,0.000,0.000,-24080000.000,-1912000.000,-396000.000,456000.000,-339000.000,2000.000,-155000.000,175000.000,-8000.000,120000.000,-8000.000
IncomeTaxReconciliationTaxCredits,,,,,,,1400000.000,400000.000,,,,,,,,,,,,,,,
IncomeTaxesPaid,,1644000.000,,,,15000.000,,,,4000.000,,,,25000.000,,,,108000.000,,,,2000.000,
IncreaseDecreaseInAccountsPayable,,-3693000.000,,,,-6581000.000,,,,-1652000.000,,,,-374000.000,,,,-43000.000,,,,4824000.000,
IncreaseDecreaseInAccountsReceivable,,9441000.000,,,,-180000.000,,,,-5950000.000,,,,-5334000.000,,,,-2877000.000,,,,2645000.000,
IncreaseDecreaseInAccruedLiabilities,,-12539000.000,,,,-1308000.000,,,,144000.000,,,,7711000.000,,,,-1686000.000,,,,-495000.000,
IncreaseDecreaseInInventories,,-584000.000,,,,2133000.000,,,,-135000.000,,,,2188000.000,,,,-2115000.000,,,,4549000.000,
IncreaseDecreaseInOperatingCapital,,22540000.000,,,,6645000.000,,,,-5558000.000,,,,-6417000.000,,,,-4702000.000,,,,2716000.000,
IncreaseDecreaseInPrepaidDeferredExpenseAndOtherAssets,,-2549000.000,,,,-3197000.000,,,,-981000.000,,,,4066000.000,,,,-1439000.000,,,,-149000.000,
IncreaseDecreaseInRestrictedCash,,1116000.000,,,,945000.000,,,,-262000.000,,,,-1075000.000,,,,728000.000,,,,,
IncrementalCommonSharesAttributableToShareBasedPaymentArrangements,,,,,,259000.000,332000.000,0.000,-310000.000,0.000,0.000,0.000,324000.000,0.000,0.000,229000.000,-229000.000,0.000,,166000.000,,760000.000,963000.000
InsuranceRecoveries,,5000000.000,0.000,0.000,4000000.000,4192000.000,14808000.000,0.000,0.000,0.000,0.000,0.000,0.000,,,,,,,,,,
InterestExpense,132000.000,130000.000,122000.000,,,,,,,,,,,,,,,,,,,,
InterestIncomeExpenseNet,,,,-146000.000,,-238000.000,-186000.000,-185000.000,-191000.000,-126000.000,-117000.000,-134000.000,-145000.000,-130000.000,165000.000,4000.000,36000.000,-17000.000,25000.000,32000.000,48000.000,23000.000,46000.000
InterestPaid,,89000.000,,,,196000.000,,,,112000.000,,,,94000.000,,,,23000.000,,,,20000.000,
InvestmentIncomeInterest,0.000,1000.000,1000.000,,,,,,,,,,,,,,,,,,,,
LiabilitiesSubjectToCompromisePeriodIncreaseDecrease,,,,,,,,,,,,,,,,,,,,150000.000,,,
LicensesRevenue,,,,,,,,,,800000.000,,,,,,,,,,,,,
LossContingencyAccrualCarryingValueProvision,,-908000.000,,,,,,,,,,,,,,,,,,,,,
LossContingencyLossInPeriod,,,,300000.000,,,,,,,,,,,,,,,,,,,
LossFromCatastrophes,,5698000.000,114000.000,-293000.000,0.000,0.000,0.000,0.000,0.000,,,,,,,,,,,,,,
NetCashProvidedByUsedInFinancingActivities,,-11522000.000,,,,10096000.000,,,,-4492000.000,,,,-26163000.000,,,,186000.000,,,,507000.000,
NetCashProvidedByUsedInFinancingActivitiesContinuingOperations,,-11522000.000,,,,10096000.000,,,,-4492000.000,,,,-26163000.000,,,,186000.000,,,,507000.000,
NetCashProvidedByUsedInInvestingActivities,,-2885000.000,,,,-2775000.000,,,,-132000.000,,,,150280000.000,,,,-2405000.000,,,,-3242000.000,
NetCashProvidedByUsedInInvestingActivitiesContinuingOperations,,-2885000.000,,,,-2775000.000,,,,-132000.000,,,,150280000.000,,,,-2405000.000,,,,-3242000.000,
NetCashProvidedByUsedInOperatingActivities,,20847000.000,,,,-4519000.000,,,,6725000.000,,,,2749000.000,,,,5733000.000,,,,659000.000,
NetCashProvidedByUsedInOperatingActivitiesContinuingOperations,,20847000.000,,,,-4519000.000,,,,6725000.000,,,,2749000.000,,,,5733000.000,,,,659000.000,
NetIncomeLoss,-11079000.000,-14229000.000,-9335000.000,-9039000.000,-6568000.000,2826000.000,11697000.000,-7283000.000,-2252000.000,-2054000.000,-5432000.000,-3150000.000,15488000.000,56128000.000,3052000.000,2440000.000,1480000.000,987000.000,3982000.000,1301000.000,1996000.000,1757000.000,1848000.000
NetIncomeLossAvailableToCommonStockholdersBasic,,,,,,2803000.000,11603000.000,-7283000.000,-2161000.000,-2054000.000,-5432000.000,-3150000.000,15482000.000,56128000.000,3052000.000,,,,,,,,
NetIncomeLossAvailableToCommonStockholdersDiluted,,,,,,2803000.000,11603000.000,-7283000.000,-2161000.000,-2054000.000,-5432000.000,-3150000.000,15482000.000,56128000.000,3052000.000,,,,,,,,
NonoperatingIncomeExpense,122000.000,-895000.000,-451000.000,-281000.000,-275000.000,100000.000,-474000.000,386000.000,4876000.000,186000.000,-183000.000,-19000.000,-104000.000,-37000.000,245000.000,54000.000,-203000.000,-152000.000,50000.000,-169000.000,-35000.000,-380000.000,90000.000
NumberOfReportableSegments,,,,,,,,,,,,,,1.000,,,,,,,,,
OperatingExpenses,20671000.000,15158000.000,14260000.000,13143000.000,10890000.000,8102000.000,-4338000.000,11713000.000,12501000.000,12375000.000,12115000.000,12524000.000,14768000.000,10184000.000,7976000.000,6817000.000,8236000.000,7381000.000,7389000.000,5890000.000,7355000.000,7777000.000,9281000.000
OperatingIncomeLoss,-11201000.000,-11690000.000,-8884000.000,-8758000.000,-6293000.000,2846000.000,12171000.000,-7669000.000,-7128000.000,-2240000.000,-5249000.000,-3131000.000,-8488000.000,-5005000.000,-1597000.000,866000.000,1214000.000,20000.000,-367000.000,1522000.000,1764000.000,2266000.000,1757000.000
OperatingLeasesRentExpenseNet,,,,600000.000,,600000.000,800000.000,600000.000,300000.000,400000.000,400000.000,500000.000,400000.000,400000.000,300000.000,300000.000,300000.000,300000.000,300000.000,500000.000,300000.000,300000.000,400000.000
OtherComprehensiveIncomeForeignCurrencyTransactionAndTranslationAdjustmentBeforeTaxPortionAttributableToParent,,,,,,,,,,,,,,-711000.000,-8000.000,170000.000,-441000.000,-88000.000,43000.000,-185000.000,-38000.000,-260000.000,276000.000
OtherComprehensiveIncomeForeignCurrencyTransactionAndTranslationAdjustmentNetOfTaxPeriodIncreaseDecrease,304000.000,401000.000,24000.000,,,,,,,,,,,,,,,,,,,,
OtherComprehensiveIncomeLossForeignCurrencyTransactionAndTranslationAdjustmentNetOfTax,,,,9000.000,,69000.000,-76000.000,137000.000,117000.000,45000.000,-43000.000,0.000,212000.000,,,,,,,,,,
OtherComprehensiveIncomeLossNetOfTax,,,,,,,,,,,,,,,-8000.000,,,,,,,,
OtherNonoperatingIncomeExpense,-5000.000,0.000,0.000,0.000,0.000,,,17000.000,,,,0.000,,,,,,,,,,,
PaymentsForDeposits,,1133000.000,,,,3000.000,,,,0.000,,,,,,,,0.000,,,,,
PaymentsOfFinancingCosts,,0.000,,,,,,,,,,,,,,,,,,,,,
PaymentsToAcquireIntangibleAssets,,0.000,,,,,,,,,,,,,,,,,,,,,
PaymentsToAcquirePropertyPlantAndEquipment,,2280000.000,,,,2030000.000,,,,684000.000,,,,845000.000,,,,1677000.000,,,,3242000.000,
PreferredStockDividendsAndOtherAdjustments,,,,,,23000.000,94000.000,0.000,-91000.000,0.000,0.000,0.000,6000.000,,,,,,,,,,
ProceedsFromDivestitureOfBusinesses,,,,,,,,,,,,,,150000000.000,,,,0.000,,,,,
ProceedsFromDividendsReceived,,1644000.000,,,,0.000,,,,,,,,,,,,,,,,,
ProceedsFromIssuanceOrSaleOfEquity,,,,,,9475000.000,,,,0.000,,,,,,,,,,,,,
ProceedsFromRepaymentsOfLinesOfCredit,,-11551000.000,,,,611000.000,,,,-4506000.000,,,,-26518000.000,,,,0.000,,,,,
ProceedsFromRepaymentsOfRestrictedCashFinancingActivities,,,,,,,,,,,,,,,,,,,,,,403000.000,
ProceedsFromSaleOfProductiveAssets,,,,13121000.000,,,,,,,,,,,,,,,,,,,
ProceedsFromSaleOfPropertyPlantAndEquipment,,,,,,203000.000,,,,0.000,,,,50000.000,,,,0.000,,,,,
ProceedsFromStockPlans,,29000.000,,,,10000.000,,,,14000.000,,,,355000.000,,,,186000.000,,,,104000.000,
ProductWarrantyAccrualWarrantiesIssued,,,,,,-629000.000,-1772000.000,-214000.000,-299000.000,265000.000,1296000.000,289000.000,-3964000.000,402000.000,113000.000,192000.000,131000.000,146000.000,88000.000,68000.000,74000.000,88000.000,215000.000
ProductWarrantyExpense,,172000.000,,,,,,,,265000.000,,,,402000.000,,,,146000.000,,,,88000.000,
PropertyPlantAndEquipmentTransfersAndChanges,,,,,,,,,,,,,,,,,,-2100000.000,,,,,
ProvisionForDoubtfulAccounts,,-87000.000,,,,0.000,,,,,,,,,,,,4000.000,,,,0.000,
RepaymentsOfLongTermCapitalLeaseObligations,,0.000,,,,,,,,,,,,,,,,,,,,,
ResearchAndDevelopmentExpense,9549000.000,6980000.000,5781000.000,4996000.000,4581000.000,5390000.000,4112000.000,4674000.000,5796000.000,4403000.000,5204000.000,4681000.000,4809000.000,2174000.000,2022000.000,2274000.000,2649000.000,2560000.000,2564000.000,2405000.000,2392000.000,2199000.000,3141000.000
RestructuringCharges,,,,,,0.000,,,,454000.000,,,,,,,,0.000,,,,,
Revenues,49480000.000,37451000.000,37780000.000,41062000.000,47488000.000,49306000.000,42277000.000,33473000.000,43091000.000,44211000.000,42247000.000,44582000.000,43738000.000,18416000.000,19057000.000,21194000.000,23018000.000,22490000.000,21532000.000,22376000.000,25600000.000,30176000.000,32591000.000
SalesRevenueNet,49480000.000,37451000.000,37780000.000,41062000.000,47488000.000,49306000.000,42277000.000,33473000.000,43091000.000,44211000.000,42247000.000,44582000.000,43738000.000,18416000.000,19057000.000,21194000.000,23018000.000,22490000.000,21532000.000,22376000.000,25600000.000,30176000.000,32591000.000
SellingGeneralAndAdministrativeExpense,9657000.000,7480000.000,8365000.000,8758000.000,10258000.000,6904000.000,6771000.000,7039000.000,6705000.000,7972000.000,6911000.000,7843000.000,10059000.000,8627000.000,5954000.000,4543000.000,5587000.000,4821000.000,4825000.000,6125000.000,4963000.000,5578000.000,5672000.000
ShareBasedCompensation,,2180000.000,,1275000.000,,1082000.000,1051000.000,1152000.000,924000.000,1135000.000,1104000.000,1180000.000,1020000.000,2608000.000,,,,387000.000,,,,772000.000,
ShareBasedCompensationArrangementByShareBasedPaymentAwardFairValueAssumptionsExpectedDividendRate,,,,,,0.000,0.000,0.000,0.000,0.000,0.000,0.000,0.000,0.000,0.000,0.000,0.000,0.000,0.000,0.000,0.000,,0.000
ShareBasedCompensationArrangementByShareBasedPaymentAwardFairValueAssumptionsExpectedVolatilityRate,,,,,,0.971,0.965,0.967,-1.936,0.957,0.934,0.920,-1.883,0.825,0.727,0.635,-1.526,0.616,0.610,0.604,-1.221,,0.000
ShareBasedCompensationArrangementByShareBasedPaymentAwardFairValueAssumptionsRiskFreeInterestRate,,,,,,0.009,0.011,0.013,-0.021,0.017,0.019,0.019,-0.036,0.019,0.017,0.019,-0.037,0.018,0.015,0.014,-0.031,,0.000
ShareBasedCompensationArrangementByShareBasedPaymentAwardOptionsExercisesInPeriodTotalIntrinsicValue,,,,,,1000.000,,,,1000.000,,,,49000.000,,,,80000.000,,,,120000.000,
ShareBasedCompensationArrangementByShareBasedPaymentAwardOptionsExpirationsInPeriod,,,,,,27673.000,,,,37280.000,,,,21489.000,,,,13709.000,,,,124915.000,
ShareBasedCompensationArrangementByShareBasedPaymentAwardOptionsForfeituresInPeriod,,,,,,34147.000,,,,4564.000,,,,1650.000,,,,2200.000,,,,1300.000,
ShareBasedCompensationArrangementByShareBasedPaymentAwardOptionsGrantsInPeriodGross,,,,,,19100.000,,,,3875.000,,,,3200.000,,,,9200.000,,,,0.000,
ShareBasedCompensationArrangementByShareBasedPaymentAwardOptionsGrantsInPeriodWeightedAverageGrantDateFairValue,,,,,,3.650,4.280,2.980,-7.460,3.920,3.760,3.210,-7.360,3.630,3.510,3.590,-7.000,4.180,2.970,3.060,-6.810,,0.000
ShareBasedCompensationArrangementsByShareBasedPaymentAwardOptionsExercisesInPeriodWeightedAverageExercisePrice,,,,,,4.160,,,,4.310,,,,4.610,,,,4.980,,,,3.990,
ShareBasedCompensationArrangementsByShareBasedPaymentAwardOptionsExpirationsInPeriodWeightedAverageExercisePrice,,,,,,22.210,,,,20.580,,,,23.610,,,,29.560,,,,19.910,
ShareBasedCompensationArrangementsByShareBasedPaymentAwardOptionsForfeituresInPeriodWeightedAverageExercisePrice,,,,,,7.700,,,,6.270,,,,5.630,,,,5.610,,,,4.110,
ShareBasedCompensationArrangementsByShareBasedPaymentAwardOptionsGrantsInPeriodWeightedAverageExercisePrice,,,,,,4.730,,,,5.090,,,,5.150,,,,7.290,,,,0.000,
StockIssuedDuringPeriodSharesStockOptionsExercised,,,,,,724.000,,,,1301.000,,,,75014.000,,,,37413.000,,,,26151.000,
TangibleAssetImpairmentCharges,,,,1100000.000,,,,,,,,,,,,,,,,,,,
UnrealizedGainLossOnDerivatives,-107000.000,105000.000,-256000.000,61000.000,21000.000,237000.000,-267000.000,373000.000,172000.000,-78000.000,7000.000,110000.000,-5000.000,36000.000,86000.000,0.000,0.000,0.000,0.000,0.000,0.000,,
UnrecognizedTaxBenefitsIncomeTaxPenaltiesAndInterestExpense,,,,,,,,,,0.000,0.000,0.000,,,,,,,,,,,
WeightedAverageNumberOfDilutedSharesOutstanding,89843000.000,93904000.000,23529000.000,23686000.000,-117560000.000,26236000.000,26642000.000,26609000.000,-52675000.000,29938000.000,30392000.000,30656000.000,-60209000.000,31217000.000,32077000.000,31432000.000,-64714000.000,25697000.000,,26269000.000,,27039000.000,27585000.000
WeightedAverageNumberOfShareOutstandingBasicAndDiluted,,,,,,,,,,,,,,31217000.000,32077000.000,,,25697000.000,25942000.000,,,,
WeightedAverageNumberOfSharesOutstandingBasic,89843000.000,93904000.000,23529000.000,23686000.000,-117560000.000,25977000.000,26310000.000,26609000.000,-52365000.000,29938000.000,30392000.000,30656000.000,-60533000.000,,,31203000.000,,,,26103000.000,,26279000.000,26622000.000
