,2011-06-30,2011-09-30,2012-03-31,2012-09-30,2013-03-31,2013-06-30,2013-09-30,2013-12-31,2014-03-31,2014-06-30,2014-09-30,2014-12-31,2015-03-31,2015-06-30,2015-09-30,2015-12-31,2016-03-31,2016-06-30,2016-09-30,2016-12-31,2017-03-31
AllocatedShareBasedCompensationExpense,,,,357000.000,368000.000,380000.000,491000.000,370000.000,310000.000,276000.000,,,700000.000,935000.000,,,834000.000,946000.000,688000.000,597000.000,379000.000
AmortizationOfDebtDiscountPremium,,,,18000.000,18000.000,18000.000,43000.000,100000.000,120000.000,80000.000,,,,,,,,,,,
AmortizationOfFinancingCosts,,,,,38000.000,,,,57000.000,71000.000,,,,,,,,,,,
AmortizationOfIntangibleAssets,,,,33000.000,46000.000,37000.000,17000.000,17000.000,18000.000,17000.000,17000.000,17000.000,18000.000,17000.000,14000.000,14000.000,14000.000,14000.000,14000.000,9000.000,0.000
AntidilutiveSecuritiesExcludedFromComputationOfEarningsPerShareAmount,,,,4504000.000,5060000.000,5046000.000,6022000.000,-10089000.000,5998000.000,4942000.000,4703000.000,-5549000.000,15563000.000,16251000.000,15536000.000,-32763000.000,15228000.000,15572000.000,17636000.000,-27899000.000,22927127.000
CapitalExpendituresIncurredButNotYetPaid,,,,,,,,,,,,,,,,,70000.000,,,,174000.000
CapitalLeaseObligationsIncurred,,,,,,,,,,,,,383000.000,,,,,,,,
CashAndCashEquivalentsPeriodIncreaseDecrease,,,-535000.000,,-1314000.000,,,,395000.000,,,,-7821000.000,,,,-5072000.000,,,,-5348000.000
ComprehensiveIncomeNetOfTax,,,-1609000.000,-510000.000,-2687000.000,-2577000.000,-3961000.000,-2211000.000,-4886000.000,-6448000.000,-3668000.000,-4207000.000,-5669000.000,-7008000.000,-5333000.000,-2512000.000,-4166000.000,-3587000.000,-3122000.000,-4571000.000,-4078000.000
CostOfGoodsSold,,,,,8803000.000,8686000.000,8516000.000,8895000.000,7577000.000,,,,,,,,,,,,
CostOfRevenue,6466000.000,7743000.000,6513000.000,7500000.000,,,,,,6457000.000,7321000.000,,7645000.000,8168000.000,7853000.000,8859000.000,7366000.000,8154000.000,7624000.000,8358000.000,6921000.000
DebtIssuanceCosts,,,,38000.000,38000.000,,,,10000.000,,,,,,,,,,,,
DebtRelatedCommitmentFeesAndDebtIssuanceCosts,,,,,,43000.000,71000.000,,57000.000,,,,,,,,,,,,
DeferredIncomeTaxExpenseBenefit,,,,,-107000.000,,,,15000.000,,,,15000.000,,,,15000.000,,,,15000.000
DeferredRevenueAdditions,,,,,,,,,,,,,,,,,126000.000,,,,
DeferredRevenueRevenueRecognized,,,,,,,,,,,708000.000,,31000.000,,,,,,,,
Depreciation,,,,,,,,,,,,,,149000.000,251000.000,,,,,,
DepreciationAndAmortization,,,,,,,,,157000.000,160000.000,160000.000,,140000.000,,,,198000.000,262000.000,274000.000,,290000.000
DepreciationDepletionAndAmortization,,,125000.000,,145000.000,,,,175000.000,,,,158000.000,,,,212000.000,,,,290000.000
EarningsPerShareBasic,-0.030,-0.030,-0.050,-0.020,-0.080,-0.080,-0.130,-0.060,-0.130,-0.170,-0.080,-0.070,-0.090,-0.120,-0.090,-0.050,-0.070,-0.060,-0.070,-0.090,-0.060
EarningsPerShareDiluted,-0.030,-0.030,-0.050,-0.020,-0.080,-0.080,-0.130,-0.060,-0.130,-0.170,-0.080,-0.070,-0.090,-0.120,-0.090,-0.050,-0.070,-0.060,-0.070,-0.090,-0.060
EffectOfExchangeRateOnCashAndCashEquivalents,,,47000.000,,-43000.000,,,,1000.000,,,,-193000.000,,,,86000.000,,,,25000.000
EffectiveIncomeTaxRateContinuingOperations,,,,,0.049,,,,-0.005,-0.004,-0.008,0.023,-0.009,-0.005,-0.008,0.031,-0.009,-0.011,-0.013,0.022,-0.010
EffectiveIncomeTaxRateReconciliationAtFederalStatutoryIncomeTaxRate,,,,,0.340,,,,0.340,0.340,0.340,-0.680,0.340,0.340,0.340,-0.680,0.340,0.340,0.340,-0.680,0.340
EmployeeServiceShareBasedCompensationTaxBenefitRealizedFromExerciseOfStockOptions,,,,0.000,,,,,,,,,,,,,,,,,
FairValueAssumptionsExpectedVolatilityRate,,,,1.004,,,,,,,,,,,,,,,,,
FairValueInputsDiscountRate,,,,,,,,,,,,,0.088,,,,,,,,0.016
FinancingInterestExpense,,,,,,,,,,,0.000,,,,,,,,,,
ForeignCurrencyTransactionGainLossBeforeTax,-16000.000,44000.000,-17000.000,-28000.000,-99000.000,9000.000,16000.000,24000.000,2000.000,-33000.000,-135000.000,-249000.000,-130000.000,1000.000,32000.000,-162000.000,71000.000,-126000.000,24000.000,-301000.000,-1000.000
GainLossOnSaleOfPropertyPlantEquipment,,,,,,,,,1000.000,,,,,,,,,,,,
GainsLossesOnExtinguishmentOfDebt,,,-16000.000,,,,,,,,,,,,,,,,,,
GeneralAndAdministrativeExpense,2227000.000,1987000.000,2211000.000,1839000.000,2247000.000,2598000.000,2460000.000,2072000.000,3083000.000,5310000.000,3474000.000,2987000.000,2587000.000,3916000.000,2860000.000,893000.000,2267000.000,2655000.000,2778000.000,2753000.000,2416000.000
GrossProfit,5613000.000,5318000.000,5807000.000,6281000.000,5794000.000,5561000.000,3829000.000,6346000.000,3941000.000,3729000.000,5393000.000,5109000.000,3210000.000,3701000.000,3381000.000,5658000.000,3644000.000,5656000.000,5605000.000,5403000.000,3953000.000
IncomeLossFromContinuingOperationsBeforeIncomeTaxesExtraordinaryItemsNoncontrollingInterest,,,,,,,,,,,,,,-7005000.000,-5299000.000,,-4225000.000,-3496000.000,-3106000.000,-4393000.000,-4068000.000
IncomeLossFromContinuingOperationsBeforeIncomeTaxesMinorityInterestAndIncomeLossFromEquityMethodInvestments,-739000.000,-896000.000,-1643000.000,-514000.000,-3003000.000,-2400000.000,-4027000.000,-2216000.000,-4863000.000,-6410000.000,-3467000.000,-4074000.000,-5389000.000,,,,,,,,
IncomeTaxExpenseBenefit,14000.000,57000.000,29000.000,34000.000,-372000.000,168000.000,22000.000,18000.000,24000.000,29000.000,28000.000,31000.000,47000.000,36000.000,44000.000,51000.000,40000.000,37000.000,40000.000,34000.000,40000.000
IncomeTaxReconciliationTaxCredits,,,,,214000.000,,,,,,,,,,,,,,,,
IncomeTaxesPaidNet,,,21000.000,,45000.000,,,,5000.000,,,,37000.000,,,,33000.000,,,,7000.000
IncreaseDecreaseInAccountsPayableAndAccruedLiabilities,,,-957000.000,,-659000.000,,,,-392000.000,,,,-1090000.000,,,,-155000.000,,,,-885000.000
IncreaseDecreaseInAccountsReceivable,,,100000.000,,-1047000.000,,,,-2301000.000,,,,860000.000,,,,1126000.000,,,,-564000.000
IncreaseDecreaseInCustomerDeposits,,,-145000.000,,-304000.000,,,,-135000.000,,,,64000.000,,,,46000.000,,,,-7000.000
IncreaseDecreaseInDeferredRevenue,,,-111000.000,,-96000.000,,,,-190000.000,,,,535000.000,,,,-270000.000,,,,-347000.000
IncreaseDecreaseInInterestPayableNet,,,,,,,,,12000.000,,,,,,,,,,,,
IncreaseDecreaseInInventories,,,-975000.000,,779000.000,,,,774000.000,,,,664000.000,,,,1000.000,,,,1395000.000
IncreaseDecreaseInPrepaidDeferredExpenseAndOtherAssets,,,-606000.000,,-23000.000,,,,-2000.000,,,,677000.000,,,,31000.000,,,,-146000.000
IncreaseDecreaseInRestrictedCash,,,,,,,,,,,,,200000.000,,,,,,,,
InterestAndDebtExpense,,,,,,,,,,,37000.000,,,,,,,,,,
InterestExpense,6000.000,2000.000,5000.000,98000.000,,,,,,,,,,,,,,,,,
InterestExpenseOther,,,,,2000.000,1000.000,1000.000,1000.000,1000.000,1000.000,,,,,,,,,,,
InterestIncomeExpenseNet,,,,,,,,,,,,,,,,,16000.000,,,,9000.000
InterestIncomeExpenseNonoperatingNet,,,,,-87000.000,-117000.000,-182000.000,-214000.000,-230000.000,-185000.000,,,,23000.000,21000.000,,17000.000,17000.000,18000.000,22000.000,9000.000
InterestPaid,,,3000.000,,31000.000,,,,67000.000,,,,,,,,1000.000,,,,1000.000
InventoryWriteDown,,,,,,,,,261000.000,,,,,,,,,,,,225000.000
InvestmentIncomeInterest,,,1000.000,,,,,,,,,,,,,,,,,,
LineOfCreditFacilityIncreaseAccruedInterest,,,,,,,,,,185000.000,,,,,,,,,,,
LineOfCreditFacilityUnusedCapacityCommitmentFeePercentage,,,,,,,,,,,,,0.003,,,,,,,,
LitigationSettlementAmount,,,,,,,,,,,,,1400000.000,,,,1400000.000,,,,
NetCashProvidedByUsedInFinancingActivities,,,277000.000,,1700000.000,,,,3276000.000,,,,2000.000,,,,-43000.000,,,,-43000.000
NetCashProvidedByUsedInFinancingActivitiesContinuingOperations,,,277000.000,,1700000.000,,,,3276000.000,,,,2000.000,,,,-43000.000,,,,-43000.000
NetCashProvidedByUsedInInvestingActivities,,,-266000.000,,-149000.000,,,,-85000.000,,,,-228000.000,,,,-343000.000,,,,-208000.000
NetCashProvidedByUsedInInvestingActivitiesContinuingOperations,,,-266000.000,,-149000.000,,,,-85000.000,,,,-228000.000,,,,-343000.000,,,,-208000.000
NetCashProvidedByUsedInOperatingActivities,,,-593000.000,,-2822000.000,,,,-2797000.000,,,,-7402000.000,,,,-4772000.000,,,,-5122000.000
NetCashProvidedByUsedInOperatingActivitiesContinuingOperations,,,-593000.000,,-2822000.000,,,,-2797000.000,,,,-7402000.000,,,,-4772000.000,,,,-5122000.000
NetIncomeLoss,-753000.000,-953000.000,-1672000.000,-548000.000,-2631000.000,-2568000.000,-4049000.000,-2234000.000,-4887000.000,-6439000.000,-3495000.000,-4105000.000,-5436000.000,-7041000.000,-5343000.000,-2458000.000,-4265000.000,-3533000.000,-3146000.000,-4427000.000,-4108000.000
NetIncomeLossAvailableToCommonStockholdersBasic,,,,,,,,,,,,,,,,,,,-4238000.000,,
NonoperatingIncomeExpense,-22000.000,42000.000,-21000.000,-126000.000,-186000.000,-108000.000,-166000.000,-190000.000,-228000.000,-218000.000,-172000.000,-255000.000,-130000.000,24000.000,53000.000,-132000.000,88000.000,-109000.000,42000.000,-279000.000,8000.000
OperatingExpenses,6330000.000,6256000.000,7429000.000,6669000.000,8611000.000,7853000.000,7690000.000,8372000.000,8576000.000,9921000.000,8688000.000,8928000.000,8469000.000,10730000.000,8733000.000,7933000.000,7957000.000,9043000.000,8753000.000,9517000.000,8029000.000
OperatingIncomeLoss,-717000.000,-938000.000,-1622000.000,-388000.000,-2817000.000,-2292000.000,-3861000.000,-2026000.000,-4635000.000,-6192000.000,-3295000.000,-3819000.000,-5259000.000,-7029000.000,-5352000.000,-2275000.000,-4313000.000,-3387000.000,-3148000.000,-4114000.000,-4076000.000
OtherComprehensiveIncomeForeignCurrencyTransactionAndTranslationAdjustmentNetOfTaxPeriodIncreaseDecrease,,,63000.000,,,,,,,,,,,,,,,,,,
OtherComprehensiveIncomeLossForeignCurrencyTransactionAndTranslationAdjustmentNetOfTax,,,,38000.000,-56000.000,-9000.000,88000.000,23000.000,1000.000,-9000.000,-173000.000,-102000.000,-233000.000,33000.000,10000.000,-54000.000,99000.000,-54000.000,24000.000,-144000.000,30000.000
OtherNoncashIncomeExpense,,,-62000.000,,-62000.000,,,,-61000.000,,,,,,,,,,,,
PaymentsOfDebtIssuanceCosts,,,,,,,,,10000.000,,,,,,,,,,,,
PaymentsOfStockIssuanceCosts,,,,,,,,,208000.000,,,,,,,,,,,,
PaymentsToAcquireIntangibleAssets,,,,,10000.000,,,,,,,,,,,,,,,,
PaymentsToAcquirePropertyPlantAndEquipment,,,266000.000,,139000.000,,,,86000.000,,,,228000.000,,,,343000.000,,,,208000.000
PolicyholderDividendsRateOnPolicyEarnings,,,,,,,,,0.020,,,,,,,,,,,,
ProceedsFromIssuanceOfCommonStock,,,,,,,,,4793000.000,,,,,,,,,,,,
ProceedsFromLinesOfCredit,,,,,8350000.000,,,,7570000.000,,,,,,,,,,,,
ProceedsFromSaleOfPropertyPlantAndEquipment,,,,,,,,,1000.000,,,,,,,,,,,,
ProceedsFromStockOptionsExercised,,,277000.000,33.000,76000.000,621000.000,10000.000,0.000,248000.000,8000.000,54000.000,0.000,44000.000,,,,,,1000.000,,
ProductWarrantyAccrualPayments,,,,,,,,,,,199000.000,,,,,,,,,,223000.000
ProductWarrantyAccrualPreexistingIncreaseDecrease,,,,,,,,,,,,,,,,,,,,,-23000.000
ProductWarrantyAccrualWarrantiesIssued,,,,,,,,,,,310000.000,,,,,,,,,,
ProductWarrantyExpense,,,,,594000.000,616000.000,257000.000,-389000.000,219000.000,231000.000,,,233000.000,215000.000,270000.000,258000.000,189000.000,177000.000,224000.000,240000.000,
ProvisionForDoubtfulAccounts,,,,,-11000.000,,,,,,,,53000.000,,,,,,,,10000.000
RepaymentsOfDebtAndCapitalLeaseObligations,,,,,,,,,,,,,,,,,,,,,43000.000
RepaymentsOfLinesOfCredit,,,,,6726000.000,,,,9325000.000,,,,,,,,,,,,
RepaymentsOfLongTermCapitalLeaseObligations,,,,,,,,,,,,,,,,,43000.000,,,,
ResearchAndDevelopmentExpense,1093000.000,1052000.000,1190000.000,1195000.000,1005000.000,1005000.000,977000.000,1042000.000,973000.000,978000.000,1276000.000,1350000.000,1803000.000,1974000.000,1756000.000,1750000.000,1886000.000,1900000.000,1715000.000,2298000.000,1429000.000
Revenues,12079000.000,13061000.000,12320000.000,13781000.000,14597000.000,14247000.000,12345000.000,15241000.000,11518000.000,10186000.000,12714000.000,13238000.000,10855000.000,11869000.000,11234000.000,14517000.000,11010000.000,13810000.000,13229000.000,13761000.000,10874000.000
SalesRevenueNet,12079000.000,13061000.000,12320000.000,13781000.000,14597000.000,14247000.000,12345000.000,15241000.000,11518000.000,10186000.000,12714000.000,13238000.000,10855000.000,11869000.000,11234000.000,14517000.000,11010000.000,13810000.000,13229000.000,13761000.000,10874000.000
SellingAndMarketingExpense,3010000.000,3217000.000,4028000.000,3635000.000,5252000.000,4138000.000,4164000.000,5128000.000,4455000.000,3569000.000,3862000.000,4489000.000,4754000.000,4743000.000,4039000.000,5160000.000,3804000.000,4488000.000,4260000.000,4466000.000,4184000.000
ShareBasedCompensation,,,583000.000,,368000.000,,,,310000.000,,301000.000,,700000.000,,,,,,,,379000.000
ShareBasedCompensationArrangementByShareBasedPaymentAwardFairValueAssumptionsExpectedVolatilityRate,,,,0.970,0.927,0.750,0.830,-1.667,0.984,0.965,0.857,-1.866,0.899,0.877,0.862,-1.738,0.883,0.838,0.866,,
ShareBasedCompensationArrangementByShareBasedPaymentAwardFairValueAssumptionsRiskFreeInterestRate,,,,0.007,0.008,0.010,0.015,-0.023,0.017,0.017,0.017,-0.034,0.018,0.015,0.017,-0.034,0.014,0.013,0.013,,
ShareBasedCompensationArrangementByShareBasedPaymentAwardOptionsExercisesInPeriodTotalIntrinsicValue,,,,0.000,23000.000,830000.000,6000.000,1000.000,82000.000,12000.000,13000.000,1000.000,52000.000,,,,,,,,
ShareBasedCompensationArrangementByShareBasedPaymentAwardOptionsExpirationsInPeriod,,,,,,,,,85000.000,245000.000,190000.000,-335000.000,25000.000,,,,48000.000,,,,
ShareBasedCompensationArrangementByShareBasedPaymentAwardOptionsForfeituresAndExpirationsInPeriod,,,,,106000.000,,,,244000.000,,,,153000.000,,,,283000.000,,,,
ShareBasedCompensationArrangementByShareBasedPaymentAwardOptionsForfeituresAndExpirationsInPeriodWeightedAverageExercisePrice,,,,,,,,,,,,,3.440,,,,2.870,,,,
ShareBasedCompensationArrangementByShareBasedPaymentAwardOptionsGrantsInPeriod,,,,,612000.000,,,,,,,,2232000.000,,,,,,,,
ShareBasedCompensationArrangementByShareBasedPaymentAwardOptionsGrantsInPeriodWeightedAverageGrantDateFairValue,,,,1.020,1.840,4.270,3.310,-7.600,1.860,1.320,1.350,-2.920,,1.420,1.220,,0.670,0.970,1.130,-1.740,1.050
ShareBasedCompensationArrangementsByShareBasedPaymentAwardOptionsExercisesInPeriodWeightedAverageExercisePrice,,,,,2.530,,,,2.140,,,,1.150,,,,,,,,
ShareBasedCompensationArrangementsByShareBasedPaymentAwardOptionsExpirationsInPeriodWeightedAverageExercisePrice,,,,,,,,,,,5.620,,3.960,,,,2.380,,,,
ShareBasedCompensationArrangementsByShareBasedPaymentAwardOptionsForfeituresInPeriodWeightedAverageExercisePrice,,,,,3.680,,,,3.710,,,,,,,,,,,,
ShareBasedCompensationArrangementsByShareBasedPaymentAwardOptionsGrantsInPeriodWeightedAverageExercisePrice,,,,,3.760,,,,,,,,2.440,,,,,,,,
SharebasedCompensationArrangementBySharebasedPaymentAwardOptionsVestedInPeriodFairValue1,,,,,,,,,,,273000.000,,293000.000,440000.000,482000.000,1053000.000,708000.000,341000.000,317000.000,362000.000,334000.000
StandardProductWarrantyAccrualPayments,,,,-582000.000,,,,,,,,,,,,,,,,,
StandardProductWarrantyAccrualWarrantiesIssued,,,,,650000.000,379000.000,69000.000,-623000.000,148000.000,461000.000,,,970000.000,545000.000,608000.000,-408000.000,61000.000,36000.000,282000.000,-31000.000,
StockIssuedDuringPeriodSharesNewIssues,,,,,,,,,1945525.000,,,,,,,,,,,,
StockIssuedDuringPeriodSharesStockOptionsExercised,,,,,29000.000,,,,116000.000,,,,38000.000,,,,,,,,
TemporaryEquityDividendsAdjustment,,,,,,,,,,,,,,,,,,,1092000.000,,
UnrecognizedTaxBenefitsPeriodIncreaseDecrease,,,,2000.000,0.000,0.000,0.000,,0.000,0.000,0.000,,0.000,0.000,0.000,,0.000,0.000,0.000,,0.000
WeightedAverageNumberOfDilutedSharesOutstanding,28097000.000,30227000.000,30721000.000,31243000.000,31473000.000,31690000.000,32367000.000,-62949000.000,36455000.000,37629000.000,42403000.000,-74255000.000,58145000.000,58180000.000,58204000.000,-116340000.000,58228000.000,58257000.000,58551000.000,-114372000.000,67583000.000
WeightedAverageNumberOfSharesOutstandingBasic,28097000.000,30227000.000,30721000.000,31243000.000,31473000.000,31690000.000,32367000.000,-62949000.000,36455000.000,37629000.000,42403000.000,-74255000.000,58145000.000,58180000.000,58204000.000,-116340000.000,58228000.000,58257000.000,58551000.000,-114372000.000,67583000.000
