,2011-03-31,2011-06-30,2011-09-30,2011-12-31,2012-03-31,2012-06-30,2012-09-30,2013-03-31,2013-06-30,2013-09-30,2013-12-31,2014-03-31,2014-06-30,2014-09-30,2014-12-31,2015-03-31,2015-06-30,2015-09-30,2015-12-31,2016-03-31,2016-06-30,2016-09-30,2016-12-31,2017-03-31
AdjustmentsToAdditionalPaidInCapitalDividendsInExcessOfRetainedEarnings,,,,,,,,,,,,70000000.000,,,,,,,,,,,,
AllocatedShareBasedCompensationExpenseNetOfTax,,24000000.000,21000000.000,,26000000.000,24000000.000,23000000.000,37000000.000,30000000.000,,,26000000.000,27000000.000,21000000.000,,28000000.000,27000000.000,24000000.000,,26000000.000,28000000.000,28000000.000,,25000000.000
AmortizationOfIntangibleAssets,31000000.000,32000000.000,31000000.000,28000000.000,27000000.000,28000000.000,25000000.000,26000000.000,24000000.000,26000000.000,24000000.000,,,,,,,,,,,,,
AntidilutiveSecuritiesExcludedFromComputationOfEarningsPerShareAmount,,,,,,,,,,,,2000000.000,2000000.000,,,,4000000.000,,,,,,,
CashAndCashEquivalentsPeriodIncreaseDecrease,492000000.000,,,,134000000.000,,,-299000000.000,,,,-86000000.000,,,,-97000000.000,,,,88000000.000,,,,-452000000.000
CashProvidedByUsedInFinancingActivitiesDiscontinuedOperations,,,,,,,,,,,,,,,,0.000,,,,,,,,
CashProvidedByUsedInInvestingActivitiesDiscontinuedOperations,,,,,,,,-4000000.000,,,,-1000000.000,,,,-3000000.000,,,,0.000,,,,-7000000.000
CashProvidedByUsedInOperatingActivitiesDiscontinuedOperations,,,,,,,,-23000000.000,,,,-20000000.000,,,,0.000,,,,,,,,41000000.000
CommonStockDividendsPerShareDeclared,0.050,0.100,0.100,0.100,0.100,0.100,0.120,0.120,0.120,0.120,0.120,0.120,0.120,0.150,0.150,0.150,0.150,0.150,0.150,0.150,0.150,0.180,0.180,0.180
ComprehensiveIncomeNetOfTax,,,,,382000000.000,413000000.000,421000000.000,446000000.000,473000000.000,336000000.000,,470000000.000,,,,,,,,,,,,
ComprehensiveIncomeNetOfTaxIncludingPortionAttributableToNoncontrollingInterest,222000000.000,409000000.000,317000000.000,204000000.000,,,,,,,,,459000000.000,1615000000.000,,400000000.000,343000000.000,430000000.000,,484000000.000,432000000.000,489000000.000,,-238000000.000
ConsolidationLessThanWhollyOwnedSubsidiaryParentOwnershipInterestChangesIssuanceOfEquityBySubsidiaryToNoncontrollingInterests,,,,,,,,,,,,,313000000.000,,,,,,,,,,,
CostsAndExpenses,3073000000.000,2852000000.000,2662000000.000,3129000000.000,3282000000.000,2707000000.000,2647000000.000,3240000000.000,2861000000.000,2806000000.000,3118000000.000,3038000000.000,2458000000.000,2699000000.000,2715000000.000,2798000000.000,2633000000.000,2504000000.000,3534000000.000,3028000000.000,2554000000.000,2598000000.000,2365000000.000,2639000000.000
DebtInstrumentInterestRateStatedPercentageRateRangeMaximum,0.089,,,,0.089,,,0.089,,,,,,,,,,,,,,,,
DebtInstrumentInterestRateStatedPercentageRateRangeMinimum,0.043,,,,0.034,,,0.019,,,,,,,,,,,,,,,,
DepreciationAndAmortization,139000000.000,139000000.000,134000000.000,136000000.000,131000000.000,132000000.000,127000000.000,116000000.000,114000000.000,113000000.000,114000000.000,112000000.000,71000000.000,68000000.000,30000000.000,68000000.000,66000000.000,65000000.000,65000000.000,64000000.000,63000000.000,61000000.000,37000000.000,55000000.000
DirectOperatingCosts,2276000000.000,2030000000.000,1810000000.000,2251000000.000,2461000000.000,1877000000.000,1841000000.000,2474000000.000,2064000000.000,1972000000.000,2303000000.000,2284000000.000,1798000000.000,1936000000.000,2071000000.000,2142000000.000,1907000000.000,1842000000.000,2433000000.000,2356000000.000,1861000000.000,1897000000.000,1842000000.000,2074000000.000
DiscontinuedOperationGainLossFromDisposalOfDiscontinuedOperationBeforeIncomeTax,,,,,,,,,,149000000.000,,,,1557000000.000,,,,,,,,,,
DiscontinuedOperationGainLossOnDisposalOfDiscontinuedOperationNetOfTax,,,,,,,,,,147000000.000,,,,1557000000.000,,,,,,,,,,
DiscontinuedOperationIncomeLossFromDiscontinuedOperationBeforeIncomeTax,,,,,,,,-36000000.000,-11000000.000,,,,,,,,,,,,,,,
DiscontinuedOperationIncomeLossFromDiscontinuedOperationDuringPhaseOutPeriodBeforeIncomeTax,,,,,,,,,,-194000000.000,,,40000000.000,5000000.000,,,,,,,,,,
DiscontinuedOperationIncomeLossFromDiscontinuedOperationDuringPhaseOutPeriodNetOfTax,,,,,,,,,,-122000000.000,,,,10000000.000,,,,,,,,,,
DiscontinuedOperationTaxEffectOfDiscontinuedOperation,,,,,,,,-16000000.000,-7000000.000,,,,,,,,,,,,,,,
DiscontinuedOperationTaxEffectOfIncomeLossFromDiscontinuedOperationDuringPhaseOutPeriod,,,,,,,,,,-72000000.000,,,14000000.000,-5000000.000,,,,,,,,,,
DiscontinuedOperationTaxEffectOfIncomeLossFromDisposalOfDiscontinuedOperation,,,,,,,,,,2000000.000,,,,0.000,,,,,,,,,,
DisposalGroupIncludingDiscontinuedOperationRevenue,,,,,,,,123000000.000,139000000.000,139000000.000,0.000,,334000000.000,55000000.000,,,,,,,,,,
DisposalGroupNotDiscontinuedOperationLossGainOnWriteDown,,,,,11000000.000,0.000,0.000,0.000,0.000,0.000,,,,,,,,,,,,,,
DividendsCommonStock,34000000.000,69000000.000,67000000.000,,,,,,,,,,,,,,,,,,,,,
DividendsCommonStockCash,,,,,66000000.000,66000000.000,78000000.000,75000000.000,74000000.000,73000000.000,,,69000000.000,79000000.000,,75000000.000,75000000.000,72000000.000,,69000000.000,69000000.000,80000000.000,,75000000.000
DividendsShareBasedCompensationCash,,,,,1000000.000,2000000.000,1000000.000,1000000.000,1000000.000,1000000.000,,1000000.000,1000000.000,1000000.000,,,,,,,,,,
EarningsPerShareBasic,0.300,0.590,0.510,0.570,0.560,0.660,0.610,0.710,0.780,0.820,0.780,0.800,0.770,3.080,0.730,0.790,0.680,0.890,0.560,1.030,0.940,1.080,-0.210,-0.610
EarningsPerShareDiluted,0.290,0.580,0.500,0.550,0.540,0.650,0.600,0.690,0.760,0.800,0.760,0.780,0.760,3.030,0.700,0.780,0.670,0.880,0.560,1.020,0.930,1.070,-0.210,-0.610
EffectiveIncomeTaxRateContinuingOperations,,,,,0.360,0.339,0.351,0.332,0.346,,,0.336,0.336,0.524,,0.333,0.328,0.323,,0.319,0.322,0.250,,0.227
EmployeeServiceShareBasedCompensationTaxBenefitFromCompensationExpense,13000000.000,17000000.000,14000000.000,10000000.000,16000000.000,15000000.000,15000000.000,23000000.000,19000000.000,,,16000000.000,17000000.000,12000000.000,,18000000.000,16000000.000,15000000.000,,17000000.000,17000000.000,18000000.000,,15000000.000
ExcessTaxBenefitFromShareBasedCompensationFinancingActivities,35000000.000,,,,56000000.000,,,85000000.000,,,,103000000.000,,,,57000000.000,,,,8000000.000,,,,0.000
ExtinguishmentOfDebtGainLossIncomeTax,,,,,,,,,,,,,,-133000000.000,,,,,,,,,,
ExtinguishmentOfDebtGainLossNetOfTax,,,,,,,,,,,,,,-219000000.000,,,,,,,,,,
FutureAmortizationExpenseYearFive,69000000.000,,,,61000000.000,,,,,,,,,,,,,,,,,,,
FutureAmortizationExpenseYearFour,79000000.000,,,,69000000.000,,,,,,,,,,,,,,,,,,,
FutureAmortizationExpenseYearThree,87000000.000,,,,79000000.000,,,,,,,,,,,,,,,,,,,
FutureAmortizationExpenseYearTwo,99000000.000,,,,89000000.000,,,,,,,,,,,,,,,,,,,
GainsLossesOnExtinguishmentOfDebt,0.000,0.000,0.000,0.000,25000000.000,0.000,-57000000.000,0.000,0.000,0.000,0.000,,,-352000000.000,,,,0.000,,,,,,
GoodwillImpairmentLoss,,,,,,,,,,,,,,52000000.000,,,,0.000,,,,,,
IncomeLossFromContinuingOperations,,,,,,,,,,,,,418000000.000,72000000.000,,394000000.000,332000000.000,426000000.000,251000000.000,,,514000000.000,,454000000.000
IncomeLossFromContinuingOperationsBeforeIncomeTaxesMinorityInterestAndIncomeLossFromEquityMethodInvestments,338000000.000,630000000.000,574000000.000,541000000.000,571000000.000,663000000.000,624000000.000,705000000.000,740000000.000,744000000.000,708000000.000,720000000.000,645000000.000,210000000.000,589000000.000,610000000.000,503000000.000,653000000.000,257000000.000,725000000.000,637000000.000,703000000.000,165000000.000,609000000.000
IncomeLossFromContinuingOperationsIncludingPortionAttributableToNoncontrollingInterest,,,,,,,,463000000.000,476000000.000,469000000.000,465000000.000,468000000.000,,,,,,,,,,,,
IncomeLossFromContinuingOperationsPerBasicShare,,,,,,,,0.750,0.780,0.780,0.770,0.800,0.730,0.140,0.790,0.790,0.680,0.890,0.540,,,1.160,,1.110
IncomeLossFromContinuingOperationsPerDilutedShare,,,,,,,,0.730,0.760,0.760,0.750,0.780,0.720,0.130,0.780,0.780,0.670,0.880,0.540,,,1.150,,1.090
IncomeLossFromDiscontinuedOperationsNetOfTax,,,,,,,,-20000000.000,-4000000.000,25000000.000,5000000.000,0.000,26000000.000,,,,,,,,,,,
IncomeLossFromDiscontinuedOperationsNetOfTaxAttributableToNoncontrollingInterest,,,,,,,,,,,,,5000000.000,0.000,,,,,,,,,,
IncomeLossFromDiscontinuedOperationsNetOfTaxAttributableToReportingEntity,,,,,,,,,,,,,21000000.000,1567000000.000,,0.000,0.000,0.000,10000000.000,,,-36000000.000,,-706000000.000
IncomeLossFromDiscontinuedOperationsNetOfTaxPerBasicShare,,,,,,,,-0.030,-0.010,0.040,0.010,0.000,0.040,2.950,-0.070,0.000,0.000,0.000,0.020,,,-0.080,,-1.720
IncomeLossFromDiscontinuedOperationsNetOfTaxPerDilutedShare,,,,,,,,-0.030,-0.010,0.040,0.010,0.000,0.040,2.900,-0.080,0.000,0.000,0.000,0.020,,,-0.080,,-1.700
IncomeLossFromEquityMethodInvestments,-14000000.000,-5000000.000,-19000000.000,1000000.000,-5000000.000,-11000000.000,-14000000.000,-8000000.000,-8000000.000,-21000000.000,-9000000.000,-10000000.000,-10000000.000,-28000000.000,0.000,-13000000.000,-6000000.000,-16000000.000,2000000.000,-21000000.000,-9000000.000,-13000000.000,-7000000.000,-17000000.000
IncomeLossFromEquityMethodInvestmentsNetOfDividendsOrDistributions,-16000000.000,,,,-6000000.000,,,-11000000.000,,,,-14000000.000,,,,-13000000.000,,,,-22000000.000,,,,-17000000.000
IncomeTaxExpenseBenefit,122000000.000,230000000.000,217000000.000,186000000.000,203000000.000,225000000.000,219000000.000,234000000.000,256000000.000,254000000.000,234000000.000,242000000.000,217000000.000,110000000.000,193000000.000,203000000.000,165000000.000,211000000.000,8000000.000,231000000.000,205000000.000,176000000.000,16000000.000,138000000.000
IncomeTaxReconciliationNondeductibleExpenseImpairmentLosses,,,,,,,,,,,,,,22000000.000,,,,,,,,,,
IncomeTaxesPaid,19000000.000,,,,21000000.000,,,27000000.000,,,,49000000.000,,,,,,,,,,,,
IncomeTaxesPaidNet,,,,,,,,,,,,,,,,,,,,7000000.000,,,,
IncreaseDecreaseInOperatingCapital,-503000000.000,,,,-118000000.000,,,40000000.000,,,,115000000.000,,,,104000000.000,,,,-426000000.000,,,,-112000000.000
IncrementalCommonSharesAttributableToShareBasedPaymentArrangements,19000000.000,17000000.000,16000000.000,-35000000.000,17000000.000,15000000.000,16000000.000,17000000.000,15000000.000,15000000.000,-31000000.000,15000000.000,11000000.000,9000000.000,-24000000.000,8000000.000,5000000.000,4000000.000,-12000000.000,5000000.000,4000000.000,4000000.000,-9000000.000,6000000.000
InterestExpense,110000000.000,110000000.000,110000000.000,106000000.000,110000000.000,104000000.000,95000000.000,95000000.000,93000000.000,93000000.000,95000000.000,106000000.000,94000000.000,89000000.000,74000000.000,93000000.000,94000000.000,102000000.000,103000000.000,100000000.000,100000000.000,104000000.000,107000000.000,109000000.000
InterestIncomeExpenseNet,-108000000.000,-109000000.000,-108000000.000,-104000000.000,-108000000.000,-103000000.000,-93000000.000,-93000000.000,-91000000.000,-91000000.000,-93000000.000,-103000000.000,-91000000.000,-85000000.000,-71000000.000,-88000000.000,,,,,,,,
InterestIncomeExpenseNonoperatingNet,,,,,,,,,,,,,,,,,-87000000.000,-96000000.000,,-93000000.000,-92000000.000,-97000000.000,-97000000.000,-96000000.000
InterestIncomeOther,,,,,,,,,,,,,,,,,7000000.000,6000000.000,,7000000.000,8000000.000,7000000.000,10000000.000,13000000.000
InterestPaid,104000000.000,,,,103000000.000,,,104000000.000,,,,103000000.000,,,,,,,,158000000.000,,,,
InvestmentIncomeInterest,2000000.000,1000000.000,2000000.000,2000000.000,2000000.000,1000000.000,2000000.000,2000000.000,2000000.000,,,,,,,,,,,,,,,
InvestmentIncomeNonoperating,,,,,,,,,,2000000.000,,3000000.000,3000000.000,4000000.000,3000000.000,5000000.000,,,,,,,,
LossContingencyClaimsSettledAndDismissedNumber,,2830.000,1300.000,,,,,,,,,,,,,,,,,,,,,
LossContingencyNewClaimsFiledNumber,,990.000,1030.000,,,,,,,,,,,,,,,,,,,,,
NetCashProvidedByUsedInFinancingActivities,-299000000.000,,,,-372000000.000,,,-832000000.000,,,,-522000000.000,,,,-516000000.000,,,,-842000000.000,,,,-1082000000.000
NetCashProvidedByUsedInFinancingActivitiesContinuingOperations,-299000000.000,,,,-372000000.000,,,-832000000.000,,,,-522000000.000,,,,-516000000.000,,,,-842000000.000,,,,-1082000000.000
NetCashProvidedByUsedInInvestingActivities,-103000000.000,,,,-140000000.000,,,-54000000.000,,,,-65000000.000,,,,2000000.000,,,,-98000000.000,,,,-89000000.000
NetCashProvidedByUsedInInvestingActivitiesContinuingOperations,-103000000.000,,,,-140000000.000,,,-50000000.000,,,,-64000000.000,,,,5000000.000,,,,-98000000.000,,,,-82000000.000
NetCashProvidedByUsedInOperatingActivities,894000000.000,,,,646000000.000,,,587000000.000,,,,501000000.000,,,,417000000.000,,,,1028000000.000,,,,719000000.000
NetCashProvidedByUsedInOperatingActivitiesContinuingOperations,894000000.000,,,,646000000.000,,,610000000.000,,,,521000000.000,,,,417000000.000,,,,1028000000.000,,,,678000000.000
NetIncomeLoss,,,,,,,,,,,,,439000000.000,1639000000.000,,394000000.000,332000000.000,426000000.000,261000000.000,473000000.000,423000000.000,478000000.000,-113000000.000,-252000000.000
NoncashOrPartNoncashDivestitureAmountOfConsiderationReceived1,,,,,,,,,,,,,,2721000000.000,,,,,,,,,,
OperatingIncomeLoss,437000000.000,734000000.000,703000000.000,655000000.000,642000000.000,769000000.000,771000000.000,800000000.000,838000000.000,828000000.000,793000000.000,818000000.000,730000000.000,668000000.000,680000000.000,702000000.000,586000000.000,753000000.000,376000000.000,821000000.000,733000000.000,798000000.000,269000000.000,704000000.000
OtherComprehensiveIncomeAvailableForSaleSecuritiesAdjustmentNetOfTaxPeriodIncreaseDecrease,,,-2000000.000,,1000000.000,,,,,,,,,,,,,,,,,,,
OtherComprehensiveIncomeDefinedBenefitPlansAdjustmentNetOfTaxPeriodIncreaseDecrease,7000000.000,8000000.000,7000000.000,125000000.000,,,,,,,,,,,,,,,,,,,,
OtherComprehensiveIncomeForeignCurrencyTransactionAndTranslationGainLossArisingDuringPeriodNetOfTax,13000000.000,6000000.000,-26000000.000,1000000.000,10000000.000,-21000000.000,21000000.000,8000000.000,,,,,,,,,,,,,,,,
OtherComprehensiveIncomeLossAvailableForSaleSecuritiesAdjustmentNetOfTax,,,,,,0.000,1000000.000,1000000.000,,,,,,,,,,,,,,,,
OtherComprehensiveIncomeLossBeforeReclassificationsNetOfTax,,,,,,,,,,,,-5000000.000,,,,-3000000.000,,,,1000000.000,,,,2000000.000
OtherComprehensiveIncomeLossForeignCurrencyTransactionAndTranslationAdjustmentNetOfTax,,,,,,,,,,,,,,,,,,,,1000000.000,0.000,1000000.000,,2000000.000
OtherComprehensiveIncomeLossNetOfTax,,,,,,,,3000000.000,,,,2000000.000,20000000.000,-24000000.000,,6000000.000,11000000.000,4000000.000,,11000000.000,9000000.000,11000000.000,,14000000.000
OtherComprehensiveIncomeLossNetOfTaxPortionAttributableToParent,,,,,19000000.000,-14000000.000,30000000.000,3000000.000,1000000.000,-158000000.000,,2000000.000,,,,,,,,,,,,
OtherComprehensiveIncomeLossPensionAndOtherPostretirementBenefitPlansAdjustmentNetOfTax,,,,,,,,,,,,,,,,,,,,-10000000.000,-9000000.000,-10000000.000,,-12000000.000
OtherComprehensiveIncomeLossPensionAndOtherPostretirementBenefitPlansTax,,,,,,,,-7000000.000,,,,-4000000.000,,,,-6000000.000,,,,-6000000.000,,,,-8000000.000
OtherComprehensiveIncomeReclassificationOfDefinedBenefitPlansNetGainLossRecognizedInNetPeriodicBenefitCostNetOfTax,,,,,8000000.000,7000000.000,8000000.000,11000000.000,,,,,,,,,,,,,,,,
OtherNonoperatingIncomeExpense,9000000.000,5000000.000,-21000000.000,-10000000.000,12000000.000,-3000000.000,3000000.000,-2000000.000,-7000000.000,7000000.000,8000000.000,5000000.000,6000000.000,-21000000.000,-20000000.000,-4000000.000,4000000.000,-4000000.000,-22000000.000,-3000000.000,-4000000.000,2000000.000,-7000000.000,1000000.000
OtherOperatingIncome,,,,,,,,,,,,,,,,,,,,9000000.000,0.000,0.000,0.000,0.000
OtherTaxExpenseBenefit,,,,,,,,,,,,,,,,,,,,,,-47000000.000,,-22000000.000
PaymentsForProceedsFromOtherInvestingActivities,-4000000.000,,,,-2000000.000,,,0.000,,,,,,,,-2000000.000,,,,7000000.000,,,,-14000000.000
PaymentsForRepurchaseOfCommonStock,296000000.000,,,,260000000.000,,,1289000000.000,,,,2032000000.000,,,,1049000000.000,,,,533000000.000,,,,531000000.000
PaymentsForRestructuring,,,,,,,,,,,,7000000.000,,,,,,,,14000000.000,,,,11000000.000
PaymentsOfDividendsCommonStock,37000000.000,36000000.000,67000000.000,66000000.000,69000000.000,,,81000000.000,,,,75000000.000,,,,80000000.000,,,,73000000.000,,,,77000000.000
PaymentsRelatedToTaxWithholdingForShareBasedCompensation,,,,,87000000.000,,,117000000.000,,,,125000000.000,,,,82000000.000,,,,46000000.000,,,,76000000.000
PaymentsToAcquireBusinessesNetOfCashAcquired,53000000.000,,,,69000000.000,,,9000000.000,,,,1000000.000,,,,,,,,50000000.000,,,,21000000.000
PaymentsToAcquireInterestInSubsidiariesAndAffiliates,26000000.000,,,,34000000.000,,,30000000.000,,,,39000000.000,,,,39000000.000,,,,32000000.000,,,,49000000.000
PaymentsToAcquirePropertyPlantAndEquipment,41000000.000,54000000.000,57000000.000,113000000.000,39000000.000,54000000.000,59000000.000,34000000.000,49000000.000,57000000.000,130000000.000,36000000.000,41000000.000,43000000.000,86000000.000,17000000.000,29000000.000,58000000.000,89000000.000,38000000.000,41000000.000,46000000.000,71000000.000,27000000.000
PensionContributions,,,200000000.000,,,,,,,,,,,,,,,,,,,,,
ProceedsFromDivestitureOfBusinesses,13000000.000,,,,0.000,,,11000000.000,,,,6000000.000,,,,59000000.000,,,,29000000.000,,,,1000000.000
ProceedsFromIssuanceOfLongTermDebt,,,,,,,,,,,,1570000000.000,,,,,,,,,,,,
ProceedsFromIssuanceOfSeniorLongTermDebt,,,,,690000000.000,,,0.000,,,,,,,,1178000000.000,,,,0.000,,,,
ProceedsFromPaymentsForOtherFinancingActivities,-5000000.000,,,,0.000,,,-4000000.000,,,,0.000,,,,,,,,,,,,
ProceedsFromRepaymentsOfShortTermDebtMaturingInThreeMonthsOrLess,,,,,,,,550000000.000,,,,-35000000.000,,,,-616000000.000,,,,0.000,,,,-420000000.000
ProceedsFromSaleMaturityAndCollectionsOfInvestments,,,,,,,,12000000.000,,,,6000000.000,,,,,,,,,,,,
ProceedsFromStockOptionsExercised,10000000.000,,,,36000000.000,,,58000000.000,,,,76000000.000,,,,80000000.000,,,,6000000.000,,,,36000000.000
ProfitLoss,202000000.000,395000000.000,338000000.000,370000000.000,363000000.000,427000000.000,391000000.000,443000000.000,472000000.000,494000000.000,470000000.000,468000000.000,,,,,,,,,,,,
ReclassificationFromAccumulatedOtherComprehensiveIncomeCurrentPeriodNetOfTax,,,,,,,,,,,,-7000000.000,,,,-9000000.000,,,,-10000000.000,,,,-12000000.000
RepaymentsOfDebt,,,,,700000000.000,,,0.000,,,,,,,,,,,,,,,,
RepaymentsOfLongTermCapitalLeaseObligations,4000000.000,,,,5000000.000,,,4000000.000,,,,4000000.000,,,,4000000.000,,,,4000000.000,,,,4000000.000
RepaymentsOfOtherLongTermDebt,2000000.000,,,,,,,,,,,,,,,,,,,,,,,
RepaymentsOfSeniorDebt,,,,,,,,,,,,,,,,,,,,200000000.000,,,,0.000
RestrictedStockExpense,25000000.000,27000000.000,25000000.000,23000000.000,30000000.000,30000000.000,28000000.000,32000000.000,34000000.000,,,36000000.000,35000000.000,33000000.000,,38000000.000,35000000.000,32000000.000,,36000000.000,37000000.000,39000000.000,,33000000.000
RestructuringCharges,0.000,0.000,0.000,46000000.000,,,,,,,,,,26000000.000,,,55000000.000,0.000,,,0.000,0.000,,
RestructuringReserveSettledWithCash,-12000000.000,,,,10000000.000,,,9000000.000,,,,,,,,,,,,,,,,
Revenues,3510000000.000,3586000000.000,3365000000.000,3784000000.000,3924000000.000,3476000000.000,3418000000.000,4040000000.000,3699000000.000,3634000000.000,3911000000.000,3856000000.000,3188000000.000,3367000000.000,3395000000.000,3500000000.000,3219000000.000,3257000000.000,3910000000.000,3849000000.000,3287000000.000,3396000000.000,2634000000.000,3343000000.000
RevenuesFromTransactionsWithOtherOperatingSegmentsOfSameEntity,,27000000.000,40000000.000,,60000000.000,51000000.000,55000000.000,67000000.000,49000000.000,,,,,,,,,,,,,,,
SalesRevenueNet,3510000000.000,3586000000.000,3365000000.000,3784000000.000,3924000000.000,3476000000.000,3418000000.000,4040000000.000,3699000000.000,3634000000.000,3911000000.000,3856000000.000,3188000000.000,3367000000.000,3395000000.000,3500000000.000,3219000000.000,3257000000.000,3910000000.000,3840000000.000,3287000000.000,3396000000.000,2634000000.000,3343000000.000
SellingGeneralAndAdministrativeExpense,658000000.000,683000000.000,718000000.000,696000000.000,679000000.000,698000000.000,679000000.000,650000000.000,683000000.000,721000000.000,681000000.000,642000000.000,589000000.000,617000000.000,614000000.000,588000000.000,605000000.000,597000000.000,665000000.000,617000000.000,630000000.000,640000000.000,237000000.000,510000000.000
ShareBasedCompensation,34000000.000,41000000.000,35000000.000,30000000.000,42000000.000,39000000.000,38000000.000,60000000.000,49000000.000,60000000.000,60000000.000,42000000.000,44000000.000,33000000.000,35000000.000,46000000.000,43000000.000,39000000.000,46000000.000,43000000.000,45000000.000,46000000.000,31000000.000,40000000.000
ShareBasedCompensationArrangementByShareBasedPaymentAwardEquityInstrumentsOtherThanOptionsGrantsInPeriod,,,,,,,,3000000.000,,,,,,,,2000000.000,,,,3000000.000,,,,2000000.000
ShareBasedCompensationArrangementByShareBasedPaymentAwardEquityInstrumentsOtherThanOptionsGrantsInPeriodWeightedAverageGrantDateFairValue,,,,,,,,43.230,,,,,,,,59.070,,,,45.740,,,,66.290
ShareBasedCompensationArrangementByShareBasedPaymentAwardOptionsGrantsInPeriod,,,,,,,,2000000.000,,,,2000000.000,,,,2000000.000,,,,2000000.000,,,,1000000.000
ShareBasedCompensationArrangementsByShareBasedPaymentAwardOptionsGrantsInPeriodWeightedAverageExercisePrice,,,,,,,,43.210,,,,65.910,,,,59.540,,,,45.790,,,,66.310
ShortTermDebtRefinancedAmount,,,,,490000000.000,,,,,,,,,,,200000000.000,,,,,,,,400000000.000
StockOptionPlanExpense,9000000.000,14000000.000,10000000.000,7000000.000,12000000.000,9000000.000,10000000.000,28000000.000,15000000.000,,,6000000.000,9000000.000,0.000,,8000000.000,8000000.000,7000000.000,,7000000.000,8000000.000,7000000.000,,7000000.000
StockRepurchaseProgramRemainingAuthorizedRepurchaseAmount,,,,,1710000000.000,,,,,,,3430000000.000,,,,,,,,,,,,
TreasuryStockAcquiredAverageCostPerShare,,,,,30.030,,,,,53.200,,,,57.910,,58.070,60.380,,,,54.210,52.770,,65.970
TreasuryStockSharesAcquired,11800000.000,9900000.000,13500000.000,7000000.000,9000000.000,9400000.000,8600000.000,,,5300000.000,,,,6900000.000,,17200000.000,13200000.000,10600000.000,10700000.000,10300000.000,9200000.000,9500000.000,25300000.000,7600000.000
TreasuryStockValueAcquiredCostMethod,250000000.000,250000000.000,350000000.000,169000000.000,269000000.000,301000000.000,300000000.000,,,279000000.000,,2000000000.000,,400000000.000,,1000000000.000,799000000.000,500000000.000,501000000.000,500000000.000,500000000.000,500000000.000,1500000000.000,500000000.000
UnrecognizedTaxBenefitsDecreasesResultingFromSettlementsWithTaxingAuthorities,,,,,,,,,,,,,,,,,14000000.000,,,,,,,
UnrecognizedTaxBenefitsIncreasesResultingFromPriorPeriodTaxPositions,,,,,,,,,,,,,,19000000.000,,,,,,,,,,
WeightedAverageNumberOfDilutedSharesOutstanding,693000000.000,686000000.000,675000000.000,-1373000000.000,667000000.000,661000000.000,656000000.000,638000000.000,624000000.000,618000000.000,-1256000000.000,600000000.000,581000000.000,541000000.000,-1161000000.000,506000000.000,495000000.000,484000000.000,-996000000.000,464000000.000,455000000.000,446000000.000,-917000000.000,416000000.000
WeightedAverageNumberOfSharesOutstandingBasic,674000000.000,669000000.000,659000000.000,-1338000000.000,650000000.000,646000000.000,640000000.000,621000000.000,609000000.000,603000000.000,-1225000000.000,585000000.000,570000000.000,532000000.000,-1137000000.000,498000000.000,490000000.000,480000000.000,-984000000.000,459000000.000,451000000.000,442000000.000,-908000000.000,410000000.000
