,2011-03-31,2011-06-30,2011-09-30,2011-12-31,2012-03-31,2012-06-30,2012-09-30,2012-12-31,2013-03-31,2013-06-30,2013-09-30,2013-12-31,2014-03-31,2014-06-30,2014-09-30,2014-12-31,2015-03-31,2015-06-30,2015-09-30,2015-12-31,2016-03-31,2016-06-30,2016-09-30,2016-12-31,2017-03-31
AdjustmentsNoncashItemsToReconcileNetIncomeLossToCashProvidedByUsedInOperatingActivitiesOther,4100000.000,,,,,,,,,,,,,,,,,,,,,,,,
AllocatedShareBasedCompensationExpense,,8600000.000,11700000.000,,9400000.000,9100000.000,8100000.000,6300000.000,9400000.000,10300000.000,8000000.000,9500000.000,7000000.000,7500000.000,6800000.000,,6800000.000,7300000.000,7900000.000,,9900000.000,19200000.000,18700000.000,,
AmortizationOfIntangibleAssets,,,,,,,,,,,,,,,,,,,,,,59400000.000,75100000.000,,102000000.000
AntidilutiveSecuritiesExcludedFromComputationOfEarningsPerShareAmount,,11900000.000,3300000.000,,,,,,,,,,,,,,600000.000,,,,100000.000,,0.000,,
CashAndCashEquivalentsPeriodIncreaseDecrease,100000.000,,,,19900000.000,,,,-9600000.000,,,,-89500000.000,,,,16000000.000,,,,7906100000.000,,,,100000000.000
CashFlowHedgeGainLossToBeReclassifiedWithinTwelveMonths,,,,,0.000,,,,200000.000,,,,3200000.000,,,,8100000.000,,,,10000000.000,,,,5.000
CommonStockDividendsPerShareCashPaid,0.050,0.080,0.080,0.080,0.080,0.100,0.100,0.150,0.150,0.150,0.150,0.150,0.150,0.170,0.170,0.170,0.190,0.190,0.190,0.190,0.190,0.190,0.190,0.190,0.190
ComprehensiveIncomeNetOfTax,,,,,125000000.000,66800000.000,138500000.000,-11000000.000,32200000.000,102200000.000,234400000.000,249600000.000,62400000.000,165600000.000,53900000.000,-53300000.000,-39100000.000,175900000.000,85700000.000,88100000.000,100000.000,128200000.000,186700000.000,1800000.000,734600000.000
ComprehensiveIncomeNetOfTaxIncludingPortionAttributableToNoncontrollingInterest,,160900000.000,-249800000.000,,,,,,,,,,,,,,,,,,,,,,
CostOfRevenue,811800000.000,982900000.000,970600000.000,894100000.000,821800000.000,935000000.000,953000000.000,963800000.000,767200000.000,892000000.000,922300000.000,932800000.000,762900000.000,912600000.000,907800000.000,940300000.000,776500000.000,939900000.000,931100000.000,963600000.000,809300000.000,2762900000.000,2679800000.000,2613200000.000,2149100000.000
DeferredIncomeTaxExpenseBenefit,35400000.000,,,,19600000.000,,,,38900000.000,,,,14600000.000,,,,17900000.000,,,,7000000.000,,,,-161700000.000
DefinedBenefitPlanInterestCost,,2100000.000,,,,,,,,,,,,,,,,,,,,,,,
DefinedBenefitPlanServiceCost,,300000.000,,,,,,,,,,,,,,,,,,,,,,,
Depreciation,,,,,,,,,,,,,,,,,,,,,,67000000.000,63000000.000,,68600000.000
DepreciationAndAmortization,40700000.000,,,,,,,,,,,,,,,,,,,,,,,,
DepreciationDepletionAndAmortization,,,,,39400000.000,,,,39800000.000,,,,38100000.000,,,,42200000.000,,,,42800000.000,,,,170600000.000
DerivativeInstrumentsGainLossReclassifiedFromAccumulatedOCIIntoIncomeEffectivePortionNet,,-3400000.000,-1800000.000,,100000.000,100000.000,-1700000.000,-1700000.000,300000.000,1500000.000,500000.000,800000.000,1700000.000,400000.000,100000.000,-7700000.000,4100000.000,3800000.000,,,,,,,-300000.000
DerivativeInstrumentsGainLossRecognizedInOtherComprehensiveIncomeEffectivePortionNet,,-1900000.000,5400000.000,,-3000000.000,2400000.000,-5200000.000,-3400000.000,3600000.000,2500000.000,-2900000.000,1400000.000,2700000.000,-5000000.000,10100000.000,7100000.000,8400000.000,500000.000,900000.000,200000.000,-103200000.000,-2500000.000,-4400000.000,40300000.000,-15400000.000
DerivativeInstrumentsNotDesignatedAsHedgingInstrumentsGainLossNet,,,,,,,,,,,,,,,,,,,,,,,800000.000,,
DiscontinuedOperationGainLossFromDisposalOfDiscontinuedOperationBeforeIncomeTax,,,,,,,,,,,108800000.000,,-2200000.000,-2600000.000,,,0.000,,,,900000.000,,,,784000000.000
DiscontinuedOperationGainLossOnDisposalOfDiscontinuedOperationNetOfTax,,,,,,,1700000.000,,,,76600000.000,,1500000.000,1600000.000,-1000000.000,1300000.000,0.000,0.000,0.000,95600000.000,600000.000,0.000,0.000,0.000,
DiscontinuedOperationIncomeLossFromDiscontinuedOperationBeforeIncomeTax,,,,,,,,,-11700000.000,-9900000.000,,,,,,,,,,,,,,,
DiscontinuedOperationIncomeLossFromDiscontinuedOperationDuringPhaseOutPeriodBeforeIncomeTax,,,,,,,,,,,-4900000.000,,-1100000.000,500000.000,300000.000,2500000.000,-4400000.000,500000.000,400000.000,-4200000.000,-600000.000,-700000.000,0.000,-600000.000,
DiscontinuedOperationIncomeLossFromDiscontinuedOperationDuringPhaseOutPeriodNetOfTax,,,,,,,0.000,,,,-5600000.000,,-700000.000,-100000.000,400000.000,1800000.000,-2800000.000,400000.000,200000.000,-2700000.000,-400000.000,-600000.000,0.000,-300000.000,
DiscontinuedOperationTaxEffectOfDiscontinuedOperation,,,,,,,,,-2100000.000,-3100000.000,,,,,,,,,,,,,,,
DiscontinuedOperationTaxEffectOfIncomeLossFromDiscontinuedOperationDuringPhaseOutPeriod,,,2000000.000,,,0.000,0.000,,,,700000.000,,-400000.000,600000.000,-100000.000,700000.000,-1600000.000,100000.000,200000.000,-1500000.000,-200000.000,-100000.000,0.000,-300000.000,
DiscontinuedOperationTaxEffectOfIncomeLossFromDisposalOfDiscontinuedOperation,,,1300000.000,,,,3400000.000,,,,,,700000.000,1000000.000,,,,,,,,,,,
DisposalGroupIncludingDiscontinuedOperationRevenue,,,,,,0.000,0.000,,69200000.000,75600000.000,48600000.000,1300000.000,2100000.000,2000000.000,19300000.000,60000000.000,17300000.000,15000000.000,16200000.000,8000000.000,0.000,0.000,0.000,0.000,0.000
EarningsPerShareBasic,0.260,0.500,-0.610,0.280,0.270,0.380,0.370,0.360,0.190,0.380,0.670,0.400,0.190,0.540,0.450,0.190,0.200,0.550,0.500,0.050,0.150,0.300,0.390,0.410,1.320
EarningsPerShareDiluted,0.250,0.490,-0.610,0.290,0.270,0.380,0.370,0.350,0.190,0.370,0.660,0.410,0.190,0.540,0.440,0.180,0.200,0.550,0.500,0.040,0.150,0.300,0.380,0.420,1.310
EffectOfExchangeRateOnCashAndCashEquivalents,1700000.000,,,,3400000.000,,,,-700000.000,,,,-39100000.000,,,,1200000.000,,,,-1100000.000,,,,17500000.000
EffectiveIncomeTaxRateContinuingOperations,,,,,,,,,,,,,,,,,,,,,,,,,0.192
ExcessTaxBenefitFromShareBasedCompensationFinancingActivities,,,,,10600000.000,,,,9100000.000,,,,5600000.000,,,,15200000.000,,,,9500000.000,,,,
GainsLossesOnExtinguishmentOfDebt,-4800000.000,0.000,0.000,0.000,0.000,0.000,-6800000.000,17700000.000,,,0.000,,,,,,,,,,-45900000.000,-1200000.000,0.000,-500000.000,-27800000.000
GoodwillAcquiredDuringPeriod,,,,,,,,,,,,,,,,,,,,,,,,,14100000.000
GoodwillAndIntangibleAssetImpairment,,,382600000.000,,,,0.000,,,,,,,,,,,,,,,,,,
GoodwillForeignCurrencyTranslationGainLoss,,,,,,,,,,,,,,,,,,,,,,,,,24900000.000
GoodwillImpairmentLoss,,,,,,,,,,,,,,,,,,,,,,,,,4500000.000
GoodwillOtherIncreaseDecrease,,,,,,,,,,,,,,,,,,,,,,,,,67700000.000
GrossProfit,490900000.000,589900000.000,579300000.000,545100000.000,510600000.000,581200000.000,582300000.000,555000000.000,473600000.000,582700000.000,564900000.000,557000000.000,469300000.000,608400000.000,576700000.000,549000000.000,487500000.000,621000000.000,598900000.000,597200000.000,505600000.000,1095700000.000,1274800000.000,1522700000.000,1117200000.000
ImpairmentOfIntangibleAssetsExcludingGoodwill,,,12400000.000,,,,,,,,,,,,,,,,,,,,,,
IncomeLossFromContinuingOperations,,,-166400000.000,,79300000.000,111800000.000,106600000.000,101900000.000,63800000.000,116600000.000,122300000.000,117400000.000,52100000.000,149100000.000,122900000.000,48900000.000,56900000.000,148100000.000,134000000.000,-79700000.000,40300000.000,135800000.000,186500000.000,165900000.000,638500000.000
IncomeLossFromContinuingOperationsBeforeIncomeTaxesExtraordinaryItemsNoncontrollingInterest,,,,,,,,,,,,,,,,,,,,,,,,,790100000.000
IncomeLossFromContinuingOperationsBeforeIncomeTaxesMinorityInterestAndIncomeLossFromEquityMethodInvestments,102400000.000,173000000.000,-220000000.000,97100000.000,104300000.000,164300000.000,164800000.000,132500000.000,70200000.000,166200000.000,162200000.000,143600000.000,50800000.000,201000000.000,151200000.000,59100000.000,78900000.000,191600000.000,159800000.000,-92800000.000,51600000.000,170300000.000,200100000.000,392500000.000,
IncomeLossFromContinuingOperationsPerBasicShare,,,-0.570,,0.270,0.380,0.370,0.350,0.220,0.400,0.420,0.420,0.190,0.540,0.450,0.170,0.210,0.550,0.500,-0.300,0.150,0.300,0.390,0.410,1.320
IncomeLossFromContinuingOperationsPerDilutedShare,,,-0.570,,0.270,0.380,0.360,0.350,0.220,0.400,0.420,0.400,0.180,0.530,0.440,0.190,0.210,0.550,0.490,-0.290,0.150,0.300,0.380,0.420,1.310
IncomeLossFromDiscontinuedOperationsNetOfTaxAttributableToReportingEntity,,,-11200000.000,,0.000,0.000,1700000.000,0.000,-9600000.000,-6800000.000,71000000.000,-100000.000,800000.000,1500000.000,-600000.000,3100000.000,-2800000.000,400000.000,200000.000,92900000.000,200000.000,-600000.000,0.000,-300000.000,
IncomeLossFromDiscontinuedOperationsNetOfTaxPerBasicShare,,,-0.040,,0.000,0.000,0.010,0.000,-0.030,-0.020,0.240,0.000,0.000,0.010,0.000,0.010,-0.010,0.000,0.000,0.350,0.000,0.000,0.000,0.000,0.000
IncomeLossFromDiscontinuedOperationsNetOfTaxPerDilutedShare,,,-0.040,,0.000,0.000,0.010,0.000,-0.030,-0.020,0.240,0.000,0.000,0.010,0.000,0.010,-0.010,0.000,0.000,0.340,0.000,0.000,0.000,0.000,0.000
IncomeTaxExpenseBenefit,26700000.000,26300000.000,-53600000.000,18500000.000,25000000.000,52500000.000,58200000.000,30600000.000,6400000.000,49600000.000,39900000.000,26200000.000,-1300000.000,51900000.000,28300000.000,10200000.000,22000000.000,43500000.000,25800000.000,-13100000.000,11300000.000,34500000.000,13600000.000,226600000.000,151600000.000
IncreaseDecreaseInAccountsPayable,70300000.000,,,,54000000.000,,,,45100000.000,,,,-16100000.000,,,,-38700000.000,,,,7400000.000,,,,-142600000.000
IncreaseDecreaseInAccountsReceivable,-45100000.000,,,,-71800000.000,,,,-80300000.000,,,,-130500000.000,,,,-170000000.000,,,,-69700000.000,,,,-306200000.000
IncreaseDecreaseInInventories,131700000.000,,,,148500000.000,,,,123400000.000,,,,115800000.000,,,,164800000.000,,,,137800000.000,,,,360700000.000
IncreaseDecreaseInOtherOperatingCapitalNet,260300000.000,,,,173300000.000,,,,288700000.000,,,,247100000.000,,,,247300000.000,,,,360500000.000,,,,-1600000.000
IncrementalCommonSharesAttributableToCallOptionsAndWarrants,,0.000,0.000,,,,,,,,,,,,,,,,,,,,,,
IncrementalCommonSharesAttributableToConversionOfDebtSecurities,,0.000,0.000,,0.000,0.000,0.000,0.000,,,,,,,,,,,,,,,,,
IncrementalCommonSharesAttributableToParticipatingNonvestedSharesWithNonForfeitableDividendRights,,2900000.000,0.000,,2800000.000,2700000.000,2700000.000,-5500000.000,2600000.000,2600000.000,2400000.000,-5100000.000,2100000.000,2000000.000,1800000.000,-4000000.000,1600000.000,1400000.000,1300000.000,-2900000.000,1000000.000,1400000.000,1700000.000,-2600000.000,1400000.000
IncrementalCommonSharesAttributableToShareBasedPaymentArrangements,,2300000.000,0.000,,2600000.000,1900000.000,2000000.000,-4100000.000,3100000.000,3400000.000,2800000.000,-6100000.000,2900000.000,2300000.000,2900000.000,-5300000.000,2200000.000,2000000.000,2200000.000,-4200000.000,1400000.000,1900000.000,2200000.000,-3700000.000,1600000.000
InterestAndDebtExpense,21900000.000,21300000.000,21800000.000,21200000.000,20200000.000,20500000.000,18000000.000,17400000.000,14600000.000,15000000.000,15700000.000,15000000.000,14400000.000,15000000.000,14300000.000,16700000.000,19200000.000,18100000.000,17500000.000,25100000.000,29400000.000,126700000.000,124500000.000,123900000.000,122200000.000
InterestIncomeOther,,,,,,,,,,,,,,,,,,,,,,700000.000,1100000.000,,
InventoryRecallExpense,,,,,,,,,,,,,11000000.000,,,,,,,,,,,,
LossOnCashFlowHedgeIneffectiveness,,,,,,,,,,,,,,,,,,,,,,,400000.000,,
NetCashProvidedByUsedInFinancingActivities,167800000.000,,,,105900000.000,,,,148100000.000,,,,73900000.000,,,,218200000.000,,,,8248100000.000,,,,-834000000.000
NetCashProvidedByUsedInFinancingActivitiesContinuingOperations,167800000.000,,,,105900000.000,,,,148100000.000,,,,73900000.000,,,,218200000.000,,,,8248100000.000,,,,-834000000.000
NetCashProvidedByUsedInInvestingActivities,-61100000.000,,,,-42000000.000,,,,-33900000.000,,,,-32200000.000,,,,-49100000.000,,,,-70000000.000,,,,1205700000.000
NetCashProvidedByUsedInInvestingActivitiesContinuingOperations,-61100000.000,,,,-42000000.000,,,,-33900000.000,,,,-32200000.000,,,,-49100000.000,,,,-70000000.000,,,,1205700000.000
NetCashProvidedByUsedInOperatingActivities,-108300000.000,,,,-47400000.000,,,,-123100000.000,,,,-92100000.000,,,,-154300000.000,,,,-270900000.000,,,,-289200000.000
NetCashProvidedByUsedInOperatingActivitiesContinuingOperations,-108300000.000,,,,-47400000.000,,,,-123100000.000,,,,-92100000.000,,,,-154300000.000,,,,-270900000.000,,,,-289200000.000
NetIncomeLoss,75700000.000,146700000.000,-177600000.000,80400000.000,79300000.000,111800000.000,108300000.000,101900000.000,54200000.000,109800000.000,193300000.000,117300000.000,52900000.000,150600000.000,122300000.000,52000000.000,54100000.000,148500000.000,134200000.000,13200000.000,40500000.000,135200000.000,186500000.000,165600000.000,638500000.000
NetIncomeLossAvailableToCommonStockholdersBasic,,146700000.000,-177600000.000,,79300000.000,111800000.000,108300000.000,102000000.000,54200000.000,109800000.000,193300000.000,117400000.000,,,,,,,,,,,,,
NetIncomeLossAvailableToCommonStockholdersDiluted,,150200000.000,-177600000.000,,79300000.000,111800000.000,108300000.000,102000000.000,54200000.000,109800000.000,193300000.000,117400000.000,52900000.000,150600000.000,122400000.000,52000000.000,54100000.000,148500000.000,134300000.000,,40500000.000,135200000.000,186500000.000,,
NonoperatingIncomeExpense,,,,,,,-23600000.000,,-27600000.000,-19200000.000,-16400000.000,,-54400000.000,-12400000.000,-22000000.000,,-19300000.000,-23100000.000,-26800000.000,,-73800000.000,32600000.000,-123800000.000,,
OperatingIncomeLoss,130600000.000,197900000.000,-192200000.000,120900000.000,124200000.000,185500000.000,188400000.000,153800000.000,97800000.000,185400000.000,178600000.000,159200000.000,105200000.000,213400000.000,173200000.000,112900000.000,98200000.000,214700000.000,186600000.000,101900000.000,125400000.000,137700000.000,323900000.000,513100000.000,156000000.000
OtherComprehensiveIncomeDefinedBenefitPlansAdjustmentBeforeTaxPeriodIncreaseDecrease,,,,,3800000.000,7400000.000,,,,,,,,,,,,,,,,,,,
OtherComprehensiveIncomeDefinedBenefitPlansAdjustmentNetOfTaxPeriodIncreaseDecrease,,3800000.000,4200000.000,,1600000.000,5400000.000,,,,,,,,,,,,,,,,,,,
OtherComprehensiveIncomeDefinedBenefitPlansTax,,1600000.000,1500000.000,,-2200000.000,-2000000.000,,,,,,,,,,,,,,,,,,,
OtherComprehensiveIncomeDerivativesQualifyingAsHedgesBeforeTaxPeriodIncreaseDecrease,,,,,-1900000.000,-700000.000,,,,,,,,,,,,,,,,,,,
OtherComprehensiveIncomeDerivativesQualifyingAsHedgesNetOfTaxPeriodIncreaseDecrease,,1000000.000,3100000.000,,-1400000.000,-300000.000,,,,,,,,,,,,,,,,,,,
OtherComprehensiveIncomeDerivativesQualifyingAsHedgesTaxEffectPeriodIncreaseDecrease,,400000.000,1100000.000,,,,,,,,,,,,,,,,,,,,,,
OtherComprehensiveIncomeForeignCurrencyTransactionAndTranslationAdjustmentBeforeTaxPeriodIncreaseDecrease,,,,,45500000.000,-50100000.000,,,,,,,,,,,,,,,,,,,
OtherComprehensiveIncomeForeignCurrencyTransactionAndTranslationAdjustmentNetOfTaxPeriodIncreaseDecrease,,9400000.000,-79500000.000,,45500000.000,-50100000.000,,,,,,,,,,,,,,,,,,,
OtherComprehensiveIncomeForeignCurrencyTransactionAndTranslationGainLossArisingDuringPeriodNetOfTax,,,,,,,,,-35300000.000,,,,5900000.000,,,,-105500000.000,,,,10900000.000,,,,
OtherComprehensiveIncomeForeignCurrencyTranslationAdjustmentTax,,,,,0.000,0.000,,,,,,,,,,,,,,,,,,,
OtherComprehensiveIncomeLossAmortizationAdjustmentFromAOCIPensionAndOtherPostretirementBenefitPlansForNetPriorServiceCostCreditBeforeTax,,,,,,,,,,,,,-1600000.000,-1600000.000,-1600000.000,-1700000.000,-1700000.000,-1700000.000,-1700000.000,-1700000.000,-1200000.000,,,,
OtherComprehensiveIncomeLossAmortizationPensionAndOtherPostretirementBenefitPlansNetPriorServiceCostRecognizedInNetPeriodicBenefitCostBeforeTax,,,,,,,,,-200000.000,-200000.000,-200000.000,-1000000.000,,,,,,,,,,,,,
OtherComprehensiveIncomeLossBeforeReclassificationsNetOfTax,,,,,,,,,,,,,6700000.000,,,,-94100000.000,,,,-53500000.000,,,,
OtherComprehensiveIncomeLossBeforeTax,,,,,,,31900000.000,,,,,,,,,,,,,,,,,,
OtherComprehensiveIncomeLossBeforeTaxPeriodIncreaseDecrease,,,,,47400000.000,-43400000.000,,,,,,,,,,,,,,,,,,,
OtherComprehensiveIncomeLossDerivativesQualifyingAsHedgesBeforeTax,,,,,,,-1500000.000,,,,,,,,,,,,,,,,,,
OtherComprehensiveIncomeLossDerivativesQualifyingAsHedgesNetOfTax,,,,,,,-1200000.000,,700000.000,1000000.000,-1300000.000,600000.000,800000.000,-4100000.000,6300000.000,2500000.000,1100000.000,-6400000.000,4000000.000,-3600000.000,-58000000.000,10600000.000,-1500000.000,11800000.000,-10700000.000
OtherComprehensiveIncomeLossForeignCurrencyTransactionAndTranslationAdjustmentBeforeTax,,,,,,,30700000.000,,,,,,,,,,,,,,,,,,
OtherComprehensiveIncomeLossForeignCurrencyTransactionAndTranslationAdjustmentNetOfTax,,,,,,,30700000.000,,-35300000.000,-13700000.000,43800000.000,10200000.000,5900000.000,18300000.000,-84200000.000,-66300000.000,-105500000.000,37200000.000,-60300000.000,4700000.000,10900000.000,-26700000.000,-5700000.000,-174700000.000,106000000.000
OtherComprehensiveIncomeLossForeignCurrencyTransactionAndTranslationReclassificationAdjustmentFromAOCIRealizedUponSaleOrLiquidationBeforeTax,,,,,,,,,,,,,,,,,,,,,,1800000.000,0.000,,
OtherComprehensiveIncomeLossForeignCurrencyTransactionAndTranslationReclassificationAdjustmentFromAOCIRealizedUponSaleOrLiquidationNetOfTax,,,,,,,,,,,,,0.000,,,,0.000,,,,0.000,1800000.000,0.000,0.000,
OtherComprehensiveIncomeLossForeignCurrencyTransactionAndTranslationReclassificationAdjustmentRealizedUponSaleOrLiquidationNetOfTax,,,,,,,,,0.000,,700000.000,,,,,,,,,,,,,,
OtherComprehensiveIncomeLossForeignCurrencyTranslationAdjustmentTax,,,,,,,0.000,,,,,,,,,,,,,,,0.000,0.000,,1800000.000
OtherComprehensiveIncomeLossNetOfTax,,,,,,,30200000.000,,-22000000.000,-7600000.000,41100000.000,132300000.000,9500000.000,15000000.000,-68400000.000,-105300000.000,-93200000.000,27400000.000,-48500000.000,74900000.000,-40400000.000,-7000000.000,200000.000,-163800000.000,96100000.000
OtherComprehensiveIncomeLossNetOfTaxPeriodIncreaseDecrease,,,,,45700000.000,-45000000.000,,,,,,,,,,,,,,,,,,,
OtherComprehensiveIncomeLossPensionAndOtherPostretirementBenefitPlansAdjustmentBeforeReclassificationAdjustmentsNetOfTax,,,,,,,,,7100000.000,,,,-1000000.000,,,,7200000.000,,,,4300000.000,,,,
OtherComprehensiveIncomeLossPensionAndOtherPostretirementBenefitPlansAdjustmentBeforeTax,,,,,,,2700000.000,,8200000.000,8300000.000,8300000.000,7100000.000,5400000.000,5300000.000,5200000.000,70500000.000,5700000.000,5700000.000,5700000.000,57000000.000,3500000.000,,,,
OtherComprehensiveIncomeLossPensionAndOtherPostretirementBenefitPlansAdjustmentNetOfTax,,,,,,,700000.000,,12600000.000,5100000.000,-1400000.000,121500000.000,2800000.000,800000.000,9500000.000,-41500000.000,11200000.000,-3400000.000,7800000.000,73800000.000,6700000.000,9100000.000,7400000.000,-900000.000,-800000.000
OtherComprehensiveIncomeLossPensionAndOtherPostretirementBenefitPlansTax,,,,,,,-2000000.000,,2700000.000,2700000.000,2700000.000,,,,,,,,,,,,,,
OtherComprehensiveIncomeLossReclassificationAdjustmentFromAOCIOnDerivativesBeforeTax,,,,,,,,,,,,,,,,,,,-2400000.000,,10300000.000,16300000.000,6000000.000,,300000.000
OtherComprehensiveIncomeLossReclassificationAdjustmentFromAOCIOnDerivativesNetOfTax,,,,,,,,,,,,,-1000000.000,100000.000,-100000.000,-3000000.000,-3100000.000,-2700000.000,-1100000.000,-3300000.000,10700000.000,11800000.000,4800000.000,-16400000.000,
OtherComprehensiveIncomeLossReclassificationAdjustmentFromAOCIOnDerivativesTax,,,,,,,,,,,,,700000.000,400000.000,0.000,400000.000,1000000.000,1100000.000,1300000.000,700000.000,400000.000,-4500000.000,-1200000.000,26000000.000,4400000.000
OtherComprehensiveIncomeLossReclassificationAdjustmentFromAOCIPensionAndOtherPostretirementBenefitPlansBeforeTax,,,,,,,,,,,,,,,,,,,,,,3500000.000,6100000.000,,-4200000.000
OtherComprehensiveIncomeLossReclassificationAdjustmentFromAOCIPensionAndOtherPostretirementBenefitPlansForNetGainLossBeforeTax,,,,,,,,,,,,,7000000.000,6900000.000,6800000.000,72200000.000,7400000.000,7400000.000,7400000.000,58700000.000,4700000.000,,,,
OtherComprehensiveIncomeLossReclassificationAdjustmentFromAOCIPensionAndOtherPostretirementBenefitPlansNetOfTax,,,,,,,,,,,,,,,,,,,4200000.000,,2400000.000,2300000.000,4900000.000,2700000.000,
OtherComprehensiveIncomeLossReclassificationAdjustmentFromAOCIPensionAndOtherPostretirementBenefitPlansTax,,,,,,,,,,,,,,,,,,,-1500000.000,,-1100000.000,-1200000.000,-1200000.000,-16100000.000,1300000.000
OtherComprehensiveIncomeLossReclassificationAdjustmentOnDerivativesIncludedInNetIncomeNetOfTax,,,,,,,,,-200000.000,-1100000.000,-300000.000,-600000.000,,,,,,,,,,,,,
OtherComprehensiveIncomeLossReclassificationAdjustmentOnDerivativesIncludedInNetIncomeTax,,,,,,,,,100000.000,400000.000,200000.000,200000.000,,,,,,,,,,,,,
OtherComprehensiveIncomeLossTax,,,,,-1700000.000,-1600000.000,-1700000.000,41400000.000,,,,,,,,,,,,,,,,,-1300000.000
OtherComprehensiveIncomeReclassificationOfDefinedBenefitPlansNetGainLossRecognizedInNetPeriodicBenefitCostBeforeTax,,,,,,,,,8400000.000,8500000.000,8500000.000,8100000.000,,,,,,,,,,,,,
OtherComprehensiveIncomeUnrealizedGainLossOnDerivativesArisingDuringPeriodNetOfTax,,,,,,,,,900000.000,,,,1800000.000,,,,4200000.000,,,,-68700000.000,,,,
OtherComprehensiveIncomeUnrealizedGainLossOnDerivativesArisingDuringPeriodTax,,,,,500000.000,400000.000,300000.000,100000.000,100000.000,400000.000,-400000.000,,,,,,,,,,,,,,
OtherNoncashIncomeExpense,,,,,-900000.000,,,,-8900000.000,,,,-45000000.000,,,,-5500000.000,,,,-4800000.000,,,,-1900000.000
OtherNonoperatingIncomeExpense,-1500000.000,-3600000.000,-6000000.000,-2600000.000,300000.000,-700000.000,1200000.000,200000.000,-13000000.000,-4200000.000,-700000.000,-600000.000,-40000000.000,2600000.000,-7700000.000,-3900000.000,-100000.000,-5000000.000,-9300000.000,3100000.000,1500000.000,160500000.000,700000.000,3800000.000,784100000.000
PaymentsForProceedsFromOtherInvestingActivities,,,,,,,,,300000.000,,,,300000.000,,,,200000.000,,,,0.000,,,,-800000.000
PaymentsForRepurchaseOfCommonStock,,,,,16400000.000,,,,33800000.000,,,,44400000.000,,,,73600000.000,,,,0.000,,,,
PaymentsForRestructuring,,8700000.000,6000000.000,,12900000.000,9500000.000,9500000.000,16700000.000,16900000.000,22600000.000,11400000.000,24000000.000,30800000.000,18700000.000,12200000.000,10100000.000,14700000.000,15500000.000,11200000.000,10100000.000,15000000.000,15800000.000,10800000.000,18300000.000,
PaymentsOfDividendsCommonStock,14700000.000,,,,24200000.000,,,,44500000.000,,,,42900000.000,,,,53200000.000,,,,53300000.000,,,,92900000.000
PaymentsToAcquireBusinessesNetOfCashAcquired,18900000.000,,,,3700000.000,,,,0.000,,,,,,,,2000000.000,,,,21000000.000,,,,557300000.000
PaymentsToAcquireProductiveAssets,44900000.000,,,,48300000.000,,,,33600000.000,,,,31900000.000,,,,50900000.000,,,,51600000.000,,,,100700000.000
ProceedsFromDivestitureOfBusinesses,,,,,,,,,,,,,,,,,,,,,,,,,1862900000.000
ProceedsFromIssuanceOfLongTermDebt,0.000,,,,,,,,,,,,,,,,,,,,7931200000.000,,,,
ProceedsFromPaymentsForOtherFinancingActivities,-3900000.000,,,,,,,,16600000.000,,,,10700000.000,,,,-13600000.000,,,,-18000000.000,,,,-15200000.000
ProceedsFromRepaymentsOfShortTermDebt,190000000.000,,,,392700000.000,,,,200700000.000,,,,144900000.000,,,,343400000.000,,,,378700000.000,,,,246400000.000
ProceedsFromRepurchaseOfEquity,,,,,-6500000.000,,,,,,,,,,,,,,,,,,,,
ProceedsFromSaleOfPropertyPlantAndEquipment,2700000.000,,,,,,,,,,,,,,,,,,,,,,,,
ProceedsFromSalesOfBusinessAffiliateAndProductiveAssets,,,,,10000000.000,,,,0.000,,,,,,,,4000000.000,,,,2600000.000,,,,
RepaymentsOfLongTermDebt,,,,,,,,,,,,,,,,,,,,,,,,,972300000.000
RepaymentsOfOtherDebt,500000.000,,,,250300000.000,,,,0.000,,,,,,,,,,,,,,,,
RepaymentsOfSeniorDebt,,,,,,,,,,,,,,,,,,,,,,,,,897000000.000
RestructuringCharges,5800000.000,1000000.000,5500000.000,37800000.000,12700000.000,11100000.000,13700000.000,18600000.000,34400000.000,32000000.000,31300000.000,13400000.000,12000000.000,11500000.000,19700000.000,9600000.000,27300000.000,13300000.000,21000000.000,15600000.000,17700000.000,11000000.000,13000000.000,33200000.000,13300000.000
Revenues,1302700000.000,1572800000.000,1549900000.000,1439200000.000,1332400000.000,1516200000.000,1535300000.000,1518800000.000,1240800000.000,1474700000.000,1487200000.000,1489800000.000,1232200000.000,1521000000.000,1484500000.000,1489300000.000,1264000000.000,1560900000.000,1530000000.000,1560800000.000,1314900000.000,3858600000.000,3954600000.000,4135900000.000,3266300000.000
SalesRevenueNet,1302700000.000,1572800000.000,1549900000.000,1439200000.000,1332400000.000,1516200000.000,1535300000.000,1518800000.000,1240800000.000,1474700000.000,1487200000.000,1489800000.000,1232200000.000,1521000000.000,1484500000.000,1489300000.000,1264000000.000,1560900000.000,1530000000.000,1560800000.000,1314900000.000,3858600000.000,3954600000.000,4135900000.000,3266300000.000
SellingGeneralAndAdministrativeExpense,354500000.000,391000000.000,383400000.000,386400000.000,373700000.000,384600000.000,380200000.000,382600000.000,341400000.000,365300000.000,355000000.000,384400000.000,352100000.000,383500000.000,383800000.000,361100000.000,362000000.000,393000000.000,391300000.000,427600000.000,362500000.000,947000000.000,937900000.000,973700000.000,929500000.000
ShareBasedCompensation,8100000.000,,,,9400000.000,,,,9400000.000,,,,7000000.000,,,,6800000.000,,,,9900000.000,,,,20400000.000
ShareBasedCompensationArrangementByShareBasedPaymentAwardEquityInstrumentsOtherThanOptionsForfeitedInPeriod,,,,,-100000.000,,,,-200000.000,,,,-200000.000,,,,-200000.000,,,,,,,,
ShareBasedCompensationArrangementByShareBasedPaymentAwardEquityInstrumentsOtherThanOptionsForfeituresWeightedAverageGrantDateFairValue,,,,,,,,,21.000,,,,24.000,,,,28.000,,,,,,,,
ShareBasedCompensationArrangementByShareBasedPaymentAwardEquityInstrumentsOtherThanOptionsGrantsInPeriod,,,,,1600000.000,,,,1900000.000,,,,1100000.000,,,,900000.000,,,,,,,,
ShareBasedCompensationArrangementByShareBasedPaymentAwardEquityInstrumentsOtherThanOptionsGrantsInPeriodWeightedAverageGrantDateFairValue,,,,,19000000.000,,,,25.000,,,,33.000,,,,40.000,,,,,,,,
ShareBasedCompensationArrangementByShareBasedPaymentAwardEquityInstrumentsOtherThanOptionsVestedInPeriod,,,,,-1900000.000,,,,-1500000.000,,,,-800000.000,,,,-1100000.000,,,,900000.000,,,,
ShareBasedCompensationArrangementByShareBasedPaymentAwardEquityInstrumentsOtherThanOptionsVestedInPeriodWeightedAverageGrantDateFairValue,,,,,9000000.000,,,,14.000,,,,21.000,,,,20.000,,,,26.000,,,,
ShareBasedCompensationArrangementByShareBasedPaymentAwardOptionsForfeituresAndExpirationsInPeriod,,,,,-700000.000,,,,-200000.000,,,,-100000.000,,,,0.000,,,,,,,,
ShareBasedCompensationArrangementByShareBasedPaymentAwardOptionsForfeituresAndExpirationsInPeriodWeightedAverageExercisePrice,,,,,23000000.000,,,,28.000,,,,25.000,,,,22.000,,,,,,,,
ShareBasedCompensationArrangementsByShareBasedPaymentAwardOptionsExercisesInPeriodWeightedAverageExercisePrice,,,,,,,,,19.000,,,,22.000,,,,24.000,,,,17.000,,,,
StockIssuedDuringPeriodSharesStockOptionsExercised,,,,,-1100000.000,,,,-1800000.000,,,,-900000.000,,,,-500000.000,,,,-200000.000,,,,
StockRepurchaseProgramAuthorizedAmount,,,,,300000000.000,300000000.000,,,300000000.000,,,,,,,,,,,,,,,,
StockRepurchaseProgramRemainingAuthorizedRepurchaseAmount,,,,,,,,,,,,,255600000.000,,,,,,,,,,,,
StockRepurchasedAndRetiredDuringPeriodShares,,,,,900000.000,,,,1400000.000,,,,1500000.000,,,,,,,,,,,,
StockRepurchasedAndRetiredDuringPeriodValue,,,,,16400000.000,,,,33800000.000,,,,44400000.000,,,,,,,,,,,,
UnrecognizedTaxBenefitsReductionsResultingFromLapseOfApplicableStatuteOfLimitations,,,28200000.000,,,,,,,,,,,,,,,,,,,,,,
ValuationAllowanceDeferredTaxAssetChangeInAmount,,,,,,,,,14600000.000,,,,,,,,,,,,,,,,
WeightedAverageNumberOfDilutedSharesOutstanding,298200000.000,304900000.000,290800000.000,-597700000.000,294700000.000,294000000.000,292700000.000,-587800000.000,293100000.000,294300000.000,292900000.000,-588500000.000,283800000.000,279700000.000,276400000.000,-561000000.000,272700000.000,271700000.000,271000000.000,-543900000.000,270100000.000,450200000.000,486200000.000,-783400000.000,485800000.000
WeightedAverageNumberOfSharesOutstandingBasic,294200000.000,294300000.000,290800000.000,-585700000.000,292100000.000,292100000.000,290700000.000,-583700000.000,290000000.000,290900000.000,290100000.000,-582400000.000,280900000.000,277400000.000,273500000.000,-555700000.000,270500000.000,269700000.000,268800000.000,-539700000.000,268700000.000,448300000.000,484000000.000,-779700000.000,484200000.000
