,2011-03-31,2011-06-30,2011-09-30,2011-12-31,2012-03-31,2012-06-30,2012-09-30,2012-12-31,2013-03-31,2013-06-30,2013-09-30,2013-12-31,2014-03-31,2014-06-30,2014-09-30,2014-12-31,2015-03-31,2015-06-30,2015-09-30,2015-12-31,2016-03-31,2016-06-30,2016-09-30,2016-12-31,2017-03-31,2017-06-30
AccretionExpense,,,,,,,,,,,,,,,,,21000000.000,,,,,,,,,
AccrualForEnvironmentalLossContingenciesIncreaseDecreaseForRevisionInEstimates,3000000.000,,,,,,,,,,,,,,,,,,,,,,,,,
AccrualForEnvironmentalLossContingenciesPayments,-7000000.000,,,,,,,,,,,,,,,,,,,,,,,,,
AdjustmentsToReconcileNetIncomeLossToCashProvidedByUsedInOperatingActivities,404000000.000,,,,292000000.000,,,,401000000.000,,,,347000000.000,,,,630000000.000,,,,450000000.000,,,,,
AmortizationOfDeferredHedgeGains,,,,,,,,,5000000.000,-5000000.000,5000000.000,15000000.000,,,,,,,,,,,,,,
AntidilutiveSecuritiesExcludedFromComputationOfEarningsPerShareAmount,100000.000,100000.000,9900000.000,-300000.000,8300000.000,8300000.000,8100000.000,-17200000.000,7300000.000,1200000.000,500000.000,-8900000.000,2800000.000,800000.000,400000.000,-3600000.000,11500000.000,2300000.000,2000000.000,-13800000.000,2500000.000,500000.000,500000.000,-2500000.000,3000000.000,2300000.000
AssetImpairmentCharges,,,,,,,21000000.000,,,,23000000.000,,,,,,,,,,,,,,,
AssetRetirementObligationAccretionExpense,20000000.000,,,,,,,,23000000.000,,,,21000000.000,,,,,,,,22000000.000,,,,22000000.000,
AssetRetirementObligationLiabilitiesIncurred,11000000.000,,,,,,,,,,,,,,,,,,,,,,,,,
AssetRetirementObligationRevisionOfEstimate,2000000.000,,,,,,,,,,,,,,,,,,,,,,,,,
BusinessAcquisitionProFormaEarningsPerShareBasic,,,0.580,,,,,,,,0.620,,,,,,,,,,,,,,,
BusinessAcquisitionProFormaEarningsPerShareDiluted,,,0.580,,,,,,,,0.620,,,,,,,,,,,,,,,
BusinessAcquisitionProFormaNetIncomeLoss,,,272000000.000,,,,,,,,,,,,,,,,,,,,,,,
BusinessAcquisitionProFormaRevenue,,,3566000000.000,,,,,,,,,,,,,,,,,,,,,,,
BusinessAcquisitionsProFormaNetIncomeLoss,,,,,,,,,,,291000000.000,,,,,,,,,,,,,,,
BusinessAcquisitionsProFormaRevenue,,,,,,,,,,,3623000000.000,,,,,,,,,,,,,,,
CashAndCashEquivalentsPeriodIncreaseDecrease,137000000.000,,,,-69000000.000,,,,113000000.000,,,,281000000.000,,,,-1030000000.000,,,,65000000.000,,,,-2000000.000,
CommonStockDividendsPerShareDeclared,0.340,0.340,0.340,0.340,0.355,0.355,0.355,0.355,0.365,0.365,0.365,0.365,0.375,0.375,0.375,0.375,0.385,0.385,0.385,0.385,0.410,0.410,0.410,0.410,0.425,0.425
ComprehensiveIncomeNetOfTax,213000000.000,239000000.000,157000000.000,,205000000.000,165000000.000,251000000.000,217000000.000,135000000.000,218000000.000,326000000.000,-620000000.000,163000000.000,256000000.000,212000000.000,536000000.000,-202000000.000,290000000.000,278000000.000,237000000.000,327000000.000,296000000.000,288000000.000,318000000.000,312000000.000,395000000.000
ComprehensiveIncomeNetOfTaxAttributableToNoncontrollingInterest,10000000.000,13000000.000,13000000.000,,12000000.000,-11000000.000,9000000.000,33000000.000,8000000.000,12000000.000,6000000.000,6000000.000,9000000.000,12000000.000,11000000.000,8000000.000,-2000000.000,-1000000.000,2000000.000,0.000,-2000000.000,-1000000.000,2000000.000,-1000000.000,-1000000.000,-1000000.000
ComprehensiveIncomeNetOfTaxIncludingPortionAttributableToNoncontrollingInterest,223000000.000,252000000.000,170000000.000,306000000.000,217000000.000,176000000.000,260000000.000,228000000.000,143000000.000,230000000.000,332000000.000,-614000000.000,172000000.000,268000000.000,223000000.000,544000000.000,-204000000.000,289000000.000,280000000.000,237000000.000,325000000.000,295000000.000,290000000.000,317000000.000,311000000.000,394000000.000
CostOfGoodsAndServicesSold,,,,,,2260000000.000,2229000000.000,,2209000000.000,2311000000.000,2325000000.000,,2232000000.000,2301000000.000,2299000000.000,2170000000.000,1946000000.000,2163000000.000,2095000000.000,2027000000.000,1993000000.000,2130000000.000,2216000000.000,2147000000.000,2166000000.000,2290000000.000
CostmethodInvestmentsOtherThanTemporaryImpairment,,,,,,,14000000.000,,,,,,,,,,,,,,,,,,,
CostsAndExpenses,2676000000.000,2841000000.000,2979000000.000,2854000000.000,2894000000.000,2993000000.000,2961000000.000,2950000000.000,2934000000.000,3016000000.000,3044000000.000,3910000000.000,2927000000.000,3029000000.000,3056000000.000,2685000000.000,2600000000.000,2813000000.000,2759000000.000,2744000000.000,2668000000.000,2814000000.000,2988000000.000,2843000000.000,2882000000.000,3004000000.000
DeferredIncomeTaxExpenseBenefit,-3000000.000,,,,3000000.000,,,,-25000000.000,,,,-15000000.000,,,,38000000.000,,,,32000000.000,,,,36000000.000,
DepreciationDepletionAndAmortization,299000000.000,319000000.000,317000000.000,294000000.000,317000000.000,323000000.000,331000000.000,326000000.000,323000000.000,339000000.000,344000000.000,327000000.000,317000000.000,339000000.000,329000000.000,307000000.000,292000000.000,322000000.000,330000000.000,301000000.000,312000000.000,340000000.000,336000000.000,313000000.000,328000000.000,356000000.000
DerivativeInstrumentsGainLossReclassifiedFromAccumulatedOCIIntoIncomeEffectivePortionNet,,,,,,,,,1000000.000,7000000.000,,,,,,,,,,,,,,,,
DerivativeInstrumentsGainLossRecognizedInOtherComprehensiveIncomeEffectivePortionNet,,,,,,,,,-1000000.000,26000000.000,,,,,,,,,,,,,,,,
DividendsCommonStockCash,-162000000.000,,,,-164000000.000,,,,170000000.000,,,,,,,,176000000.000,,,,183000000.000,,,,194000000.000,
EarningsPerShareBasic,0.390,0.500,0.580,0.580,0.370,0.450,0.460,0.480,0.360,0.520,0.620,-1.290,0.490,0.450,0.590,1.270,-0.280,0.600,0.750,0.590,0.580,0.650,0.680,0.750,0.680,0.820
EarningsPerShareDiluted,0.390,0.500,0.580,0.570,0.370,0.450,0.460,0.480,0.360,0.520,0.620,-1.290,0.490,0.450,0.580,1.270,-0.280,0.600,0.740,0.590,0.580,0.640,0.680,0.750,0.670,0.810
EffectOfExchangeRateOnCashAndCashEquivalents,2000000.000,,,,1000000.000,,,,-2000000.000,,,,-2000000.000,,,,-3000000.000,,,,,,,,0.000,
EffectiveIncomeTaxRateContinuingOperations,0.359,0.345,0.323,-0.691,0.328,0.343,0.361,-0.692,0.328,0.332,0.343,-0.265,0.296,0.447,0.321,-0.828,0.410,0.296,0.323,-0.738,0.354,0.376,0.337,-0.715,0.317,0.366
EmployeeServiceShareBasedCompensationTaxBenefitFromCompensationExpense,,,,,,,,,,,,,,,,,,,,,,,,,32000000.000,2000000.000
EquityMethodInvestmentOtherThanTemporaryImpairment,,,,,,,10000000.000,,,,,,,,,,,,,,,,,,,
ExcessTaxBenefitFromShareBasedCompensationFinancingActivities,4000000.000,,,,8000000.000,,,,6000000.000,,,,1000000.000,,,,7000000.000,,,,7000000.000,,,,,
ExcessTaxBenefitFromShareBasedCompensationOperatingActivities,4000000.000,,,,8000000.000,,,,6000000.000,,,,1000000.000,,,,7000000.000,,,,7000000.000,,,,,
GainLossOnDispositionOfAssets,,,,,,,,,6000000.000,,,,,,,,,,,,,,,,,
GainLossOnSaleOfOilAndGasProperty,,,,,,,,,-6000000.000,,,,,,,,,,,,,,,,,
GainLossOnSaleOfPropertyPlantEquipment,3000000.000,,,,4000000.000,,,,3000000.000,,,,4000000.000,,,,7000000.000,6000000.000,,,5000000.000,,,,3000000.000,
GainsLossesOnExtinguishmentOfDebt,,,,,,,,,,,,,,,,,-550000000.000,-2000000.000,,,-1000000.000,-3000000.000,,,,
IncomeLossFromContinuingOperationsBeforeIncomeTaxesExtraordinaryItemsNoncontrollingInterest,,,,,,334000000.000,348000000.000,,262000000.000,383000000.000,452000000.000,-603000000.000,336000000.000,402000000.000,414000000.000,599000000.000,-222000000.000,389000000.000,496000000.000,397000000.000,396000000.000,459000000.000,457000000.000,510000000.000,434000000.000,570000000.000
IncomeLossFromEquityMethodInvestments,-4000000.000,-9000000.000,-7000000.000,-11000000.000,-7000000.000,-11000000.000,-17000000.000,-11000000.000,-8000000.000,-8000000.000,-3000000.000,-15000000.000,-9000000.000,-13000000.000,-14000000.000,-17000000.000,-8000000.000,-15000000.000,-9000000.000,-6000000.000,-7000000.000,-16000000.000,-9000000.000,-12000000.000,-32000000.000,-13000000.000
IncomeLossFromEquityMethodInvestmentsNetOfDividendsOrDistributions,-4000000.000,,,,-7000000.000,,,,-8000000.000,,,,-9000000.000,,,,-8000000.000,,,,-7000000.000,,,,-7000000.000,
IncomeLossFromSubsidiariesNetOfTax,,,,,,,,,,,,,,0.000,0.000,,,,,,,,,,,
IncomeTaxExpenseBenefit,110000000.000,131000000.000,136000000.000,134000000.000,89000000.000,115000000.000,125000000.000,114000000.000,86000000.000,127000000.000,155000000.000,-4000000.000,99000000.000,180000000.000,133000000.000,1000000.000,-91000000.000,116000000.000,159000000.000,124000000.000,140000000.000,173000000.000,153000000.000,176000000.000,137000000.000,209000000.000
IncreaseDecreaseInAccountsAndOtherReceivables,-44000000.000,,,,-56000000.000,,,,-88000000.000,,,,-41000000.000,,,,59000000.000,,,,-111000000.000,,,,-151000000.000,
IncreaseDecreaseInAccountsPayableAndAccruedLiabilities,40000000.000,,,,-99000000.000,,,,-24000000.000,,,,-19000000.000,,,,-195000000.000,,,,-109000000.000,,,,-144000000.000,
IncreaseDecreaseInOtherCurrentAssets,,,,,,,,,18000000.000,,,,10000000.000,,,,4000000.000,,,,11000000.000,,,,8000000.000,
IncreaseDecreaseInOtherNoncurrentAssets,,,,,,,,,3000000.000,,,,-2000000.000,,,,19000000.000,,,,-75000000.000,,,,7000000.000,
IncreaseDecreaseInOtherOperatingLiabilities,-12000000.000,,,,-10000000.000,,,,-18000000.000,,,,-25000000.000,,,,,,,,,,,,,
IncreaseDecreaseInRestrictedCash,-6000000.000,,,,-13000000.000,,,,,,,,-11000000.000,,,,-34000000.000,,,,,,,,,
InterestAndDebtExpense,121000000.000,119000000.000,118000000.000,123000000.000,122000000.000,121000000.000,123000000.000,122000000.000,122000000.000,122000000.000,119000000.000,118000000.000,121000000.000,,,,,,,,,,,,,
InterestIncomeExpenseNet,,,,,,,,,,,,,,-115000000.000,-116000000.000,,-104000000.000,-95000000.000,-95000000.000,-91000000.000,-95000000.000,,,,,
InterestIncomeExpenseNonoperatingNet,,,,,,,,,,,-119000000.000,,-121000000.000,,,,,,,,,-93000000.000,-94000000.000,,-92000000.000,-90000000.000
InvestmentIncomeInterest,,,1000000.000,,1000000.000,1000000.000,2000000.000,0.000,1000000.000,1000000.000,,,,,,,,,,,,,,,,
MinorityInterestDecreaseFromDistributionsToNoncontrollingInterestHolders,-7000000.000,,,,-9000000.000,,,,8000000.000,,,,,,,,,,,,,,,,,
NetCashProvidedByUsedInFinancingActivities,-3000000.000,,,,-42000000.000,,,,-41000000.000,,,,-179000000.000,,,,-898000000.000,,,,206000000.000,,,,-383000000.000,
NetCashProvidedByUsedInFinancingActivitiesContinuingOperations,-3000000.000,,,,-42000000.000,,,,-41000000.000,,,,-179000000.000,,,,-898000000.000,,,,206000000.000,,,,-383000000.000,
NetCashProvidedByUsedInInvestingActivities,-462000000.000,,,,-503000000.000,,,,-421000000.000,,,,-122000000.000,,,,-628000000.000,,,,-847000000.000,,,,-340000000.000,
NetCashProvidedByUsedInInvestingActivitiesContinuingOperations,-462000000.000,,,,-503000000.000,,,,-421000000.000,,,,-122000000.000,,,,-628000000.000,,,,-847000000.000,,,,-340000000.000,
NetCashProvidedByUsedInOperatingActivities,600000000.000,,,,475000000.000,,,,577000000.000,,,,584000000.000,,,,499000000.000,,,,706000000.000,,,,721000000.000,
NetCashProvidedByUsedInOperatingActivitiesContinuingOperations,600000000.000,,,,475000000.000,,,,577000000.000,,,,584000000.000,,,,499000000.000,,,,706000000.000,,,,721000000.000,
NetIncomeLoss,186000000.000,237000000.000,272000000.000,266000000.000,171000000.000,208000000.000,214000000.000,224000000.000,168000000.000,244000000.000,291000000.000,-605000000.000,228000000.000,210000000.000,,,,,,,,287000000.000,302000000.000,,298000000.000,362000000.000
NetIncomeLossAttributableToNoncontrollingInterest,10000000.000,13000000.000,13000000.000,12000000.000,12000000.000,11000000.000,9000000.000,11000000.000,8000000.000,12000000.000,6000000.000,6000000.000,9000000.000,12000000.000,11000000.000,8000000.000,-2000000.000,-1000000.000,2000000.000,0.000,-2000000.000,-1000000.000,2000000.000,-1000000.000,-1000000.000,-1000000.000
NetIncomeLossAvailableToCommonStockholdersBasic,,,,,,,,,,,,,,210000000.000,270000000.000,,-129000000.000,274000000.000,335000000.000,273000000.000,258000000.000,,,,,
OperatingIncomeLoss,427000000.000,506000000.000,543000000.000,552000000.000,401000000.000,466000000.000,500000000.000,484000000.000,402000000.000,510000000.000,577000000.000,-410000000.000,469000000.000,532000000.000,546000000.000,752000000.000,440000000.000,502000000.000,601000000.000,502000000.000,508000000.000,611000000.000,560000000.000,617000000.000,558000000.000,673000000.000
OtherComprehensiveIncomeAvailableForSaleSecuritiesAdjustmentNetOfTaxPeriodIncreaseDecrease,-2000000.000,1000000.000,-3000000.000,1000000.000,2000000.000,,,,,,,,,,,,,,,,,,,,,
OtherComprehensiveIncomeAvailableForSaleSecuritiesTax,1000000.000,,,,,,,,,,,,,,,,,,,,,,,,,
OtherComprehensiveIncomeDefinedBenefitPlansAdjustmentNetOfTaxPeriodIncreaseDecrease,-2000000.000,0.000,0.000,-6000000.000,,,,,,,,,,,,,,,,,,,,,,
OtherComprehensiveIncomeDefinedBenefitPlansNetUnamortizedGainLossArisingDuringPeriodTax,,,,,0.000,0.000,0.000,-2000000.000,0.000,0.000,0.000,10000000.000,,,,,,,,,,,,,,
OtherComprehensiveIncomeDefinedBenefitPlansTax,1000000.000,,,,,,,,,,,,,,,,,,,,,,,,,
OtherComprehensiveIncomeDerivativesQualifyingAsHedgesNetOfTaxPeriodIncreaseDecrease,,,,,8000000.000,,,,,,,,,,,,,,,,,,,,,
OtherComprehensiveIncomeForeignCurrencyTransactionAndTranslationAdjustmentNetOfTaxPeriodIncreaseDecrease,28000000.000,8000000.000,-82000000.000,28000000.000,24000000.000,,,,,,,,,,,,,,,,,,,,,
OtherComprehensiveIncomeForeignCurrencyTransactionAndTranslationGainLossArisingDuringPeriodNetOfTax,,,,,,,,,-32000000.000,,,,,,,,,,,,,,,,,
OtherComprehensiveIncomeLossAvailableForSaleSecuritiesAdjustmentNetOfTax,,,,,,-1000000.000,1000000.000,,1000000.000,-1000000.000,1000000.000,1000000.000,,2000000.000,3000000.000,,,1000000.000,-2000000.000,,1000000.000,1000000.000,,,1000000.000,1000000.000
OtherComprehensiveIncomeLossBeforeReclassificationsNetOfTax,,,,,,,,,,,,,-47000000.000,,,,-66000000.000,,,,55000000.000,,,,12000000.000,
OtherComprehensiveIncomeLossDerivativesQualifyingAsHedgesNetOfTax,,,,,,-20000000.000,-3000000.000,,-2000000.000,12000000.000,2000000.000,0.000,-6000000.000,4000000.000,,,3000000.000,2000000.000,5000000.000,-1000000.000,7000000.000,2000000.000,2000000.000,1000000.000,2000000.000,2000000.000
OtherComprehensiveIncomeLossForeignCurrencyTransactionAndTranslationAdjustmentNetOfTax,,,,,,-22000000.000,39000000.000,,-32000000.000,-37000000.000,32000000.000,-31000000.000,-59000000.000,40000000.000,-61000000.000,-44000000.000,-76000000.000,13000000.000,-60000000.000,-36000000.000,61000000.000,6000000.000,-16000000.000,-23000000.000,10000000.000,30000000.000
OtherComprehensiveIncomeLossNetOfTax,,,,,,-43000000.000,37000000.000,,-33000000.000,-26000000.000,35000000.000,-15000000.000,-65000000.000,46000000.000,-58000000.000,-54000000.000,-73000000.000,16000000.000,-57000000.000,-36000000.000,69000000.000,9000000.000,-14000000.000,-17000000.000,14000000.000,33000000.000
OtherComprehensiveIncomeLossNetOfTaxPeriodIncreaseDecrease,27000000.000,2000000.000,-115000000.000,28000000.000,34000000.000,,,,,,,,,,,,,,,,,,,,,
OtherComprehensiveIncomeLossPensionAndOtherPostretirementBenefitPlansAdjustmentNetOfTax,,,,,,,,,,,,,,0.000,,,,,,,,,,,-1000000.000,
OtherComprehensiveIncomeLossReclassificationAdjustmentFromAOCIOnDerivativesNetOfTax,,,,,,,,,,,-7000000.000,,,,,,,,,,,,,,,
OtherComprehensiveIncomeLossReclassificationAdjustmentFromAOCIOnDerivativesTax,,,,,,,,,,,4000000.000,,,,,,,,,,,,,,,
OtherComprehensiveIncomeLossReclassificationAdjustmentOnDerivativesIncludedInNetIncomeNetOfTax,,,,,,-4000000.000,10000000.000,,-1000000.000,-4000000.000,,,,,,,,,,,,,,,,
OtherComprehensiveIncomeLossReclassificationAdjustmentOnDerivativesIncludedInNetIncomeTax,,,,,,-2000000.000,6000000.000,,0.000,-3000000.000,,,,,,,,,,,,,,,,
OtherComprehensiveIncomeReclassificationAdjustmentOnDerivativesIncludedInNetIncomeNetOfTax,8000000.000,1000000.000,-18000000.000,10000000.000,4000000.000,,,,,,,,,,,,,,,,,,,,,
OtherComprehensiveIncomeReclassificationAdjustmentOnDerivativesIncludedInNetIncomeTax,5000000.000,,,,2000000.000,,,,,,,,,,,,,,,,,,,,,
OtherComprehensiveIncomeUnrealizedGainLossOnDerivativesArisingDuringPeriodBeforeTax,,,,,,,,,,,-9000000.000,,-8000000.000,-10000000.000,13000000.000,15000000.000,24000000.000,-3000000.000,23000000.000,6000000.000,,,,,,
OtherComprehensiveIncomeUnrealizedGainLossOnDerivativesArisingDuringPeriodNetOfTax,-5000000.000,-8000000.000,-12000000.000,-5000000.000,4000000.000,-16000000.000,-13000000.000,3000000.000,-1000000.000,16000000.000,-5000000.000,4000000.000,-5000000.000,-6000000.000,8000000.000,9000000.000,15000000.000,-2000000.000,14000000.000,3000000.000,-7000000.000,,,,,
OtherComprehensiveIncomeUnrealizedGainLossOnDerivativesArisingDuringPeriodTax,3000000.000,,,,-2000000.000,-10000000.000,-8000000.000,6000000.000,0.000,10000000.000,-4000000.000,3000000.000,-3000000.000,-4000000.000,5000000.000,6000000.000,9000000.000,-1000000.000,9000000.000,3000000.000,-4000000.000,,,,,
OtherComprehensiveIncomeUnrealizedHoldingGainLossOnSecuritiesArisingDuringPeriodNetOfTax,,,,,,,,,1000000.000,,,,,,,,,,,,,,,,,
OtherComprehensiveIncomeUnrealizedHoldingGainLossOnSecuritiesArisingDuringPeriodTax,,,,,-1000000.000,0.000,0.000,3000000.000,1000000.000,0.000,0.000,0.000,,,,,,,,,,,,,,
OtherNonoperatingIncomeExpense,1000000.000,1000000.000,2000000.000,-8000000.000,-1000000.000,-1000000.000,-14000000.000,-2000000.000,-11000000.000,2000000.000,-3000000.000,-62000000.000,-3000000.000,-2000000.000,-2000000.000,-22000000.000,,-1000000.000,-1000000.000,,-9000000.000,-40000000.000,,,,
PaymentsForProceedsFromOtherInvestingActivities,3000000.000,,,,1000000.000,,,,,,,,18000000.000,,,,-2000000.000,,,,6000000.000,,,,5000000.000,
PaymentsForRepurchaseOfCommonStock,63000000.000,,,,,,,,,,,,,,,,,,,,250000000.000,,,,,
PaymentsOfDebtExtinguishmentCosts,,,,,,,,,,,,,,,,,554000000.000,,,,1000000.000,,,,,
PaymentsOfDividendsCommonStock,162000000.000,,,,164000000.000,,,,170000000.000,,,,174000000.000,,,,176000000.000,,,,183000000.000,,,,194000000.000,
PaymentsRelatedToTaxWithholdingForShareBasedCompensation,,,,,,,,,,,,,,,,,,,,,,,,,32000000.000,
PaymentsToAcquireBusinessesNetOfCashAcquired,99000000.000,,,,129000000.000,,,,180000000.000,,,,11000000.000,,,,445000000.000,,,,537000000.000,,,,10000000.000,
PaymentsToAcquireEquityMethodInvestments,55000000.000,,,,13000000.000,,,,12000000.000,,,,4000000.000,,,,,,,,,,,,,
PaymentsToAcquireInterestInSubsidiariesAndAffiliates,,,,,,,,,,,,,,,,,5000000.000,,,,,,,,,
PaymentsToAcquireProductiveAssets,316000000.000,,,,379000000.000,,,,266000000.000,,,,266000000.000,,,,233000000.000,,,,317000000.000,,,,332000000.000,
ProceedsFromDivestitureOfBusinessesNetOfCashDivested,,,,,,,,,,,,,155000000.000,,,,,,,,,,,,,
ProceedsFromIssuanceOfDebt,,,,,,,,,,,,,,,,,,,,,654000000.000,,,,,
ProceedsFromIssuanceOfLongTermDebtAndCapitalSecuritiesNet,396000000.000,,,,287000000.000,,,,119000000.000,,,,913000000.000,,,,1817000000.000,,,,1301000000.000,,,,54000000.000,
ProceedsFromIssuanceOfSeniorLongTermDebt,396000000.000,,,,,,,,,,,,,,,,,,,,,,,,,
ProceedsFromPaymentsForOtherFinancingActivities,-36000000.000,,,,17000000.000,,,,,,,,-3000000.000,,,,-2000000.000,,,,-39000000.000,,,,43000000.000,
ProceedsFromPaymentsToMinorityShareholders,-7000000.000,,,,-9000000.000,,,,-8000000.000,,,,-2000000.000,,,,,,,,,,,,,
ProceedsFromRepaymentsOfLinesOfCredit,,,,,,,,,,,,,,,,,,,,,,,,,210000000.000,
ProceedsFromStockOptionsExercised,23000000.000,,,,24000000.000,,,,38000000.000,,,,14000000.000,,,,39000000.000,,,,18000000.000,,,,77000000.000,
ProfitLoss,196000000.000,250000000.000,285000000.000,278000000.000,183000000.000,219000000.000,223000000.000,235000000.000,176000000.000,256000000.000,297000000.000,-599000000.000,237000000.000,222000000.000,281000000.000,598000000.000,-131000000.000,273000000.000,337000000.000,273000000.000,256000000.000,286000000.000,304000000.000,334000000.000,297000000.000,361000000.000
ProvisionForDoubtfulAccounts,8000000.000,,,,14000000.000,,,,19000000.000,,,,13000000.000,,,,12000000.000,,,,11000000.000,,,,11000000.000,
ReclassificationFromAccumulatedOtherComprehensiveIncomeCurrentPeriodNetOfTax,,,,,,,,,,,,,18000000.000,,,,7000000.000,,,,-14000000.000,,,,-2000000.000,
RepaymentsOfDebt,,,,,,,,,,,,,,,,,,,,,,,,,277000000.000,
RepaymentsOfLongTermDebt,,,,,,,,,,,,,,,,,212000000.000,,,,,,,,,
RepaymentsOfLongTermDebtAndCapitalSecurities,158000000.000,,,,205000000.000,,,,26000000.000,,,,928000000.000,,,,2029000000.000,,,,647000000.000,,,,541000000.000,
RestructuringCharges,,0.000,15000000.000,,4000000.000,3000000.000,44000000.000,16000000.000,8000000.000,2000000.000,3000000.000,5000000.000,1000000.000,1000000.000,67000000.000,13000000.000,1000000.000,4000000.000,2000000.000,8000000.000,2000000.000,2000000.000,,,1000000.000,1000000.000
Revenues,3103000000.000,3347000000.000,3522000000.000,3406000000.000,3295000000.000,3459000000.000,3461000000.000,3434000000.000,3336000000.000,3526000000.000,3621000000.000,3500000000.000,3396000000.000,3561000000.000,3602000000.000,3437000000.000,3040000000.000,3315000000.000,3360000000.000,3246000000.000,3176000000.000,3425000000.000,3548000000.000,3460000000.000,3440000000.000,3677000000.000
SalesCommissionsAndFees,,,,,,,,,,,,,,,,,,,,,,,,,65000000.000,
SalesRevenueNet,3103000000.000,3347000000.000,3522000000.000,3406000000.000,3295000000.000,3459000000.000,3461000000.000,3434000000.000,3336000000.000,3526000000.000,3621000000.000,3500000000.000,3396000000.000,3561000000.000,3602000000.000,3437000000.000,3040000000.000,3315000000.000,3360000000.000,3246000000.000,3176000000.000,3425000000.000,3548000000.000,3460000000.000,3440000000.000,3677000000.000
SegmentReportingInformationRevenue,3563000000.000,3871000000.000,4053000000.000,3922000000.000,3813000000.000,4052000000.000,4083000000.000,4060000000.000,3924000000.000,4172000000.000,,,,,,,,,,,,,,,,
SegmentReportingInformationRevenueFromExternalCustomers,3103000000.000,3347000000.000,3522000000.000,3406000000.000,3295000000.000,,,,,,,,,,,,,,,,,,,,,
SellingGeneralAndAdministrativeExpense,382000000.000,382000000.000,380000000.000,407000000.000,407000000.000,374000000.000,335000000.000,356000000.000,390000000.000,353000000.000,349000000.000,376000000.000,375000000.000,353000000.000,377000000.000,376000000.000,348000000.000,322000000.000,330000000.000,343000000.000,362000000.000,340000000.000,330000000.000,378000000.000,390000000.000,353000000.000
SeveranceCosts,,,14000000.000,,,,,,4000000.000,,,,,,,,,,,,,,,,,
ShareBasedCompensation,17000000.000,,,,15000000.000,,,,21000000.000,,,,15000000.000,,,,20000000.000,,,,30000000.000,,,,36000000.000,
StockholdersEquityOther,,,,,,,,,,,,,,,,,0.000,,,,,,,,2000000.000,
TreasuryStockValueAcquiredCostMethod,-68000000.000,,,,,,,,,,,,,,,,,,,,250000000.000,,,,,
VariableInterestEntityCarryingAmountOfCollateralizedAssets,316000000.000,,,,,,,,,,,,,,,,,,,,,,,,,
WeightedAverageNumberDilutedSharesOutstandingAdjustment,1900000.000,1800000.000,1400000.000,-3400000.000,1300000.000,600000.000,800000.000,-1900000.000,800000.000,1500000.000,1900000.000,-2100000.000,1700000.000,2100000.000,2800000.000,-3600000.000,,2500000.000,3100000.000,,2500000.000,2700000.000,2800000.000,-5000000.000,2800000.000,2500000.000
WeightedAverageNumberOfDilutedSharesOutstanding,477600000.000,476000000.000,469700000.000,-951900000.000,463400000.000,464000000.000,464900000.000,-927900000.000,466500000.000,469400000.000,471200000.000,-937300000.000,466900000.000,468000000.000,463600000.000,-932900000.000,458500000.000,458000000.000,452700000.000,-913300000.000,448600000.000,446700000.000,445700000.000,-894500000.000,444100000.000,444400000.000
WeightedAverageNumberOfSharesIssuedBasic,,,,,-600000.000,400000.000,200000.000,-600000.000,800000.000,-200000.000,100000.000,2700000.000,100000.000,,2900000.000,,700000.000,3700000.000,3100000.000,-2000000.000,1400000.000,2300000.000,900000.000,-400000.000,,
WeightedAverageNumberOfSharesOutstandingBasic,475700000.000,474200000.000,468300000.000,-948500000.000,462100000.000,463400000.000,464100000.000,-926000000.000,465700000.000,467900000.000,469300000.000,-935200000.000,465200000.000,465900000.000,460800000.000,-929300000.000,458500000.000,455500000.000,449600000.000,-910900000.000,446100000.000,444000000.000,442900000.000,-889500000.000,441300000.000,441900000.000
