,2011-03-25,2011-06-24,2011-12-30,2012-03-30,2012-06-29,2012-09-28,2012-12-28,2013-03-29,2013-06-28,2013-09-27,2013-12-27,2014-03-28,2014-06-27,2014-09-26,2014-12-26,2015-03-27,2015-06-26,2015-09-25,2015-12-25,2016-03-25,2016-06-24,2016-12-31,2017-03-31
AdjustmentsToAdditionalPaidInCapitalSharebasedCompensationRequisiteServicePeriodRecognitionValue,,,26000000.000,,,,14000000.000,,,,15000000.000,,,,15000000.000,,,,15000000.000,,,,
AmortizationOfIntangibleAssets,,,,,,,,26000000.000,24000000.000,,25000000.000,24000000.000,23000000.000,21000000.000,21000000.000,21000000.000,24000000.000,22000000.000,23000000.000,25000000.000,25000000.000,149000000.000,126000000.000
AntidilutiveSecuritiesExcludedFromComputationOfEarningsPerShareAmount,,,,,,,,,,,,,,,,,,,,,,100000.000,0.000
AssetImpairmentCharges,,,23000000.000,,,,,,,,,,,,,,,,,,,16000000.000,
AvailableForSaleSecuritiesGrossUnrealizedLoss,,,,,,,,,,,,,,,,,,,,,,3000000.000,
AvailableforsaleSecuritiesGrossUnrealizedGainLoss1,,,,,,,,,,,,,,,,,6000000.000,,2000000.000,3000000.000,4000000.000,,
BusinessCombinationAcquisitionRelatedCosts,3000000.000,,,,,,,,,,,,,,,,,,,,7000000.000,,
BusinessCombinationConsiderationTransferred1,,,,,,,,,,,,,,,175000000.000,,,,176000000.000,166000000.000,,,
BusinessCombinationIntegrationRelatedCosts,,,,,5000000.000,,1000000.000,,1000000.000,,1000000.000,1000000.000,1000000.000,0.000,,,,,,,,,
BusinessCombinationSeparatelyRecognizedTransactionsAdditionalDisclosuresAcquisitionCostExpensed,,,,,,,,,,,,,,,,,,,,,19000000.000,,
CashAcquiredFromAcquisition,,,,10000000.000,1000000.000,,,3000000.000,,,,,,,23000000.000,6000000.000,,,27000000.000,27000000.000,,,
CashAndCashEquivalentsPeriodIncreaseDecrease,,,-377000000.000,,,,-310000000.000,,,,-84000000.000,,,,-419000000.000,,,,-1100000000.000,,,-202000000.000,
CashProvidedByUsedInFinancingActivitiesDiscontinuedOperations,,,,,,,29000000.000,,,,0.000,,,,15000000.000,,,,-2000000.000,,,,
CashProvidedByUsedInInvestingActivitiesDiscontinuedOperations,,,,,,,,,,,,,,,-15000000.000,,,,0.000,,,,
CashProvidedByUsedInOperatingActivitiesDiscontinuedOperations,,,,,,,4000000.000,,,,0.000,,,,0.000,,,,2000000.000,,,,
CommonStockDividendsPerShareDeclared,,,,,,,,,,,,,,,,,,,,,,0.250,0.250
ComprehensiveIncomeNetOfTax,,,,,,,179000000.000,-25000000.000,5000000.000,356000000.000,236000000.000,196000000.000,1487000000.000,-319000000.000,-31000000.000,-5000000.000,184000000.000,-213000000.000,39000000.000,195000000.000,253000000.000,-332000000.000,98000000.000
ComprehensiveIncomeNetOfTaxAttributableToNoncontrollingInterest,,,,,,,2000000.000,-2000000.000,0.000,-3000000.000,2000000.000,0.000,2000000.000,-3000000.000,-1000000.000,-2000000.000,0.000,1000000.000,0.000,-1000000.000,-1000000.000,9000000.000,42000000.000
ComprehensiveIncomeNetOfTaxIncludingPortionAttributableToNoncontrollingInterest,,,260000000.000,,,,181000000.000,-27000000.000,5000000.000,353000000.000,238000000.000,196000000.000,1489000000.000,-322000000.000,-32000000.000,-7000000.000,184000000.000,-212000000.000,39000000.000,194000000.000,252000000.000,-323000000.000,140000000.000
CostMethodInvestmentsRealizedGainLoss,,,,,,,,,,,-7000000.000,0.000,,,,,,,,,,,
CostOfGoodsAndServicesSold,2444000000.000,2640000000.000,2544000000.000,2676000000.000,2696000000.000,-1290000000.000,1668000000.000,1673000000.000,1695000000.000,1730000000.000,1023000000.000,1015000000.000,1106000000.000,1109000000.000,1022000000.000,999000000.000,1025000000.000,1026000000.000,962000000.000,968000000.000,1026000000.000,4972000000.000,4986000000.000
CostOfGoodsSold,1468000000.000,1629000000.000,1566000000.000,1674000000.000,1692000000.000,-1634000000.000,1004000000.000,997000000.000,1023000000.000,1063000000.000,1023000000.000,1015000000.000,1106000000.000,1109000000.000,1022000000.000,999000000.000,1025000000.000,1026000000.000,962000000.000,968000000.000,1026000000.000,3894000000.000,3893000000.000
CostOfServices,976000000.000,1011000000.000,978000000.000,1002000000.000,1004000000.000,344000000.000,664000000.000,676000000.000,672000000.000,667000000.000,648000000.000,577000000.000,572000000.000,505000000.000,548000000.000,550000000.000,548000000.000,552000000.000,536000000.000,506000000.000,508000000.000,1078000000.000,1093000000.000
DeferredIncomeTaxExpenseBenefit,,,48000000.000,,,,10000000.000,,,,57000000.000,,,,-6000000.000,,,,17000000.000,,,580000000.000,
DefinedBenefitPlanActuarialGainLoss,,,,,,,,,,,,,,,,,,,,,,117000000.000,18000000.000
DefinedBenefitPlanAmortizationOfGainsLosses,,,,,,,,,,,,,,,,,,,,,,117000000.000,18000000.000
DepreciationDepletionAndAmortization,,,333000000.000,,,,105000000.000,,,,106000000.000,,,,91000000.000,,,,83000000.000,,,346000000.000,
DerivativeInstrumentsGainLossRecognizedInIncomeIneffectivePortionAndAmountExcludedFromEffectivenessTestingNet,,,,,,,,,,,,,,,,,,,,,,0.000,0.000
DerivativeInstrumentsNotDesignatedAsHedgingInstrumentsGainLossNet,,,,,,,,,,,,,,,,,,,,,,7000000.000,7000000.000
DiscontinuedOperationGainLossFromDisposalOfDiscontinuedOperationBeforeIncomeTax,-5000000.000,,,5000000.000,,,,,0.000,,,-4000000.000,1179000000.000,,1000000.000,0.000,-29000000.000,1000000.000,17000000.000,0.000,-1000000.000,,
DiscontinuedOperationIncomeLossFromDiscontinuedOperationDuringPhaseOutPeriodBeforeIncomeTax,,,,,,,,,0.000,,,32000000.000,9000000.000,,-2000000.000,-6000000.000,-3000000.000,-2000000.000,-1000000.000,-1000000.000,0.000,,
DiscontinuedOperationTaxEffectOfDiscontinuedOperation,-1000000.000,5000000.000,,12000000.000,10000000.000,,,,0.000,,,3000000.000,171000000.000,,0.000,10000000.000,0.000,16000000.000,12000000.000,-2000000.000,1000000.000,,
DisposalGroupIncludingDiscontinuedOperationRevenue,,,,,,,,,0.000,,,145000000.000,85000000.000,,4000000.000,5000000.000,5000000.000,1000000.000,1000000.000,0.000,0.000,,
DisposalGroupNotDiscontinuedOperationGainLossOnDisposal,,,,-3000000.000,-14000000.000,,3000000.000,-9000000.000,-4000000.000,-10000000.000,3000000.000,1000000.000,-1000000.000,-1000000.000,,,,,-52000000.000,,,,
DividendsCommonStockCash,,,-1000000.000,,,,1000000.000,,,,,,,,2000000.000,,,,87000000.000,,,,
EarningsPerShareBasic,0.670,0.770,0.720,0.710,0.520,-0.930,0.350,0.160,0.290,0.350,0.580,0.450,3.170,-0.160,0.390,0.400,0.370,0.150,0.180,0.340,0.560,0.350,-0.160
EarningsPerShareDiluted,0.660,0.760,0.710,0.700,0.510,-0.900,0.340,0.160,0.280,0.360,0.570,0.440,3.110,-0.150,0.380,0.390,0.370,0.150,0.180,0.340,0.560,0.350,-0.160
EffectOfExchangeRateOnCashAndCashEquivalents,,,,,,,,,,,,,,,,,,,,,,-55000000.000,
EffectOfExchangeRateOnCashAndCashEquivalentsContinuingOperations,,,-3000000.000,,,,3000000.000,,,,-7000000.000,,,,-10000000.000,,,,-9000000.000,,,,
EffectiveIncomeTaxRateContinuingOperations,,,,,,,,,,,,,,,,,,,,,,-0.070,1.290
EffectiveIncomeTaxRateReconciliationAtFederalStatutoryIncomeTaxRate,,,,,,,,,,,,,,,,,,,,,,0.350,0.350
EmployeeBenefitsAndShareBasedCompensation,,,26000000.000,,,,14000000.000,,,,15000000.000,,,,15000000.000,,,,15000000.000,,,,
FiniteLivedIntangibleAssetsAmortizationExpense,152000000.000,157000000.000,162000000.000,165000000.000,167000000.000,-392000000.000,25000000.000,,,,,,,,,,,,,,,,
FutureAmortizationExpenseRemainderOfFiscalYear,,,450000000.000,,,,74000000.000,,,,,,,,,,,,,,,,
GainLossOnInvestments,,,,,,,,,,,,,,,,,,,115000000.000,,,,
GainLossOnSaleOfBusiness,,,,,,,,,,,,,,,,,29000000.000,,,,,,
GainsLossesOnExtinguishmentOfDebt,,,,,,,,,,,,,,,,,,,-168000000.000,-168000000.000,,,
GainsLossesOnExtinguishmentOfDebtBeforeWriteOffOfDeferredDebtIssuanceCost,,,,,,,,,,,,,,,,,,,172000000.000,172000000.000,,,
GoodwillAcquiredDuringPeriod,,,,,,,,,,,,,,,,,,,,,,20000000.000,
GoodwillForeignCurrencyTranslationGainLoss,,,,,,,,,,,,,,,,,,,,,,272000000.000,
GoodwillTranslationAdjustments,,,-34000000.000,,,,6000000.000,,,,-13000000.000,,,,-90000000.000,,,,-26000000.000,,,,
GoodwillWrittenOffRelatedToSaleOfBusinessUnit,,,,,,,,,,,,,,,,,,,,,,0.000,
GrossProfit,,,,,,,,,,,,,,,,,,,,,,2114000000.000,2281000000.000
IncomeLossFromContinuingOperations,319000000.000,364000000.000,333000000.000,334000000.000,252000000.000,-1251000000.000,159000000.000,74000000.000,132000000.000,162000000.000,270000000.000,183000000.000,434000000.000,-93000000.000,163000000.000,183000000.000,188000000.000,83000000.000,72000000.000,145000000.000,241000000.000,372000000.000,-148000000.000
IncomeLossFromContinuingOperationsAttributableToNoncontrollingEntity,,,,,,,,,,,,,,,,,,,,,,40000000.000,33000000.000
IncomeLossFromContinuingOperationsBeforeIncomeTaxesExtraordinaryItemsNoncontrollingInterest,,,,,,,,,,,,,,,,,,,,,,385000000.000,393000000.000
IncomeLossFromContinuingOperationsBeforeIncomeTaxesMinorityInterestAndIncomeLossFromEquityMethodInvestments,377000000.000,421000000.000,412000000.000,424000000.000,305000000.000,-1100000000.000,206000000.000,82000000.000,168000000.000,241000000.000,352000000.000,225000000.000,276000000.000,-240000000.000,181000000.000,199000000.000,237000000.000,98000000.000,108000000.000,207000000.000,271000000.000,,
IncomeLossFromContinuingOperationsIncludingPortionAttributableToNoncontrollingInterest,320000000.000,363000000.000,334000000.000,334000000.000,252000000.000,-1253000000.000,161000000.000,72000000.000,132000000.000,159000000.000,272000000.000,183000000.000,436000000.000,-96000000.000,162000000.000,181000000.000,188000000.000,84000000.000,72000000.000,144000000.000,240000000.000,412000000.000,-115000000.000
IncomeLossFromContinuingOperationsPerBasicShare,0.680,0.780,0.720,0.720,0.540,-2.700,0.340,0.160,0.290,0.350,0.580,0.400,0.950,-0.190,0.390,0.440,0.450,0.190,0.170,0.340,0.570,0.400,-0.160
IncomeLossFromContinuingOperationsPerDilutedShare,0.670,0.760,0.710,0.710,0.540,-2.680,0.340,0.160,0.280,0.340,0.570,0.390,0.930,-0.180,0.380,0.430,0.440,0.190,0.170,0.330,0.560,0.390,-0.160
IncomeLossFromDiscontinuedOperationsNetOfTax,-4000000.000,-5000000.000,,-7000000.000,-10000000.000,,4000000.000,-2000000.000,3000000.000,,,,,,,,,,,,,-34000000.000,0.000
IncomeLossFromDiscontinuedOperationsNetOfTaxAttributableToNoncontrollingInterest,,,,,,,,,,,,,,,,,,,,,,9000000.000,0.000
IncomeLossFromDiscontinuedOperationsNetOfTaxAttributableToReportingEntity,-4000000.000,-5000000.000,,-7000000.000,-10000000.000,,4000000.000,-2000000.000,3000000.000,4000000.000,0.000,24000000.000,1016000000.000,4000000.000,-1000000.000,-16000000.000,-32000000.000,-17000000.000,4000000.000,1000000.000,-2000000.000,-43000000.000,0.000
IncomeLossFromDiscontinuedOperationsNetOfTaxPerBasicShare,-0.010,-0.010,,-0.010,-0.020,,0.010,,0.000,,0.000,0.050,2.220,0.030,0.000,-0.040,-0.080,-0.040,0.010,0.000,-0.010,-0.050,0.000
IncomeLossFromDiscontinuedOperationsNetOfTaxPerDilutedShare,-0.010,,,-0.010,-0.030,,,,0.000,,0.000,0.050,2.180,0.030,0.000,-0.040,-0.070,-0.040,0.010,0.010,0.000,-0.050,0.000
IncomeLossFromEquityMethodInvestments,,,,,,,-6000000.000,-6000000.000,-6000000.000,-30000000.000,-4000000.000,-5000000.000,215000000.000,0.000,0.000,0.000,0.000,0.000,,,,55000000.000,53000000.000
IncomeLossFromEquityMethodInvestmentsNetOfDividendsOrDistributions,,,,,,,,,,,,,,,,,,,,,,64000000.000,
IncomeTaxExpenseBenefit,57000000.000,58000000.000,78000000.000,90000000.000,53000000.000,127000000.000,39000000.000,4000000.000,30000000.000,52000000.000,76000000.000,37000000.000,55000000.000,-144000000.000,19000000.000,18000000.000,49000000.000,14000000.000,36000000.000,63000000.000,31000000.000,-27000000.000,508000000.000
IncomeTaxReconciliationNondeductibleExpenseRestructuringCharges,,,,,,,,,,,,,,,,,,,,,,14000000.000,20000000.000
IncreaseDecreaseInAccountsPayable,,,-35000000.000,,,,-61000000.000,,,,-44000000.000,,,,-41000000.000,,,,1000000.000,,,,
IncreaseDecreaseInAccountsPayableAndAccruedLiabilities,,,,,,,,,,,,,,,,,,,,,,-811000000.000,
IncreaseDecreaseInAccountsReceivable,,,,,,,,,,,,,,,,,,,,,,-37000000.000,
IncreaseDecreaseInAccruedIncomeTaxesPayable,,,,,,,,,,,,,,,,,,,,,,-1808000000.000,
IncreaseDecreaseInDeferredRevenue,,,-29000000.000,,,,-47000000.000,,,,-41000000.000,,,,-37000000.000,,,,-37000000.000,,,,
IncreaseDecreaseInIncomeTaxesPayableNetOfIncomeTaxesReceivable,,,,,,,,,,,,,,,,,,,11000000.000,,,,
IncreaseDecreaseInInventories,,,131000000.000,,,,29000000.000,,,,32000000.000,,,,43000000.000,,,,34000000.000,,,142000000.000,
IncreaseDecreaseInOtherAccountsPayableAndAccruedLiabilities,,,-222000000.000,,,,-228000000.000,,,,-108000000.000,,,,-33000000.000,,,,-41000000.000,,,,
IncreaseDecreaseInOtherOperatingAssets,,,,,,,,,,,,,,,,,,,,,,87000000.000,
IncreaseDecreaseInOtherOperatingCapitalNet,,,59000000.000,,,,8000000.000,,,,5000000.000,,,,24000000.000,,,,-10000000.000,,,,
IncreaseDecreaseInReceivables,,,-88000000.000,,,,9000000.000,,,,-14000000.000,,,,7000000.000,,,,-29000000.000,,,,
IncreaseDecreaseInRestrictedCash,,,,,,,,,,,,,,,45000000.000,,,,-5000000.000,,,,
IncreaseDecreaseInRestructuringReserve,,,,,,,,,,,,,,,,,,,,,,20000000.000,
IncrementalCommonSharesAttributableToShareBasedPaymentArrangements,,,,,,,,,,,,,,,,,,,,,,10200000.000,0.000
InsuranceRecoveries,,,,,,,,,,,,21000000.000,21000000.000,,,,,,,,,104000000.000,97000000.000
InterestAndOtherIncome,,,,,,,,,,,,,,,,,,,,,,7000000.000,5000000.000
InterestExpense,63000000.000,59000000.000,59000000.000,60000000.000,63000000.000,27000000.000,24000000.000,25000000.000,26000000.000,25000000.000,24000000.000,25000000.000,24000000.000,24000000.000,24000000.000,25000000.000,26000000.000,27000000.000,24000000.000,22000000.000,22000000.000,110000000.000,118000000.000
InvestmentIncomeInterest,9000000.000,8000000.000,7000000.000,6000000.000,6000000.000,0.000,4000000.000,4000000.000,6000000.000,3000000.000,3000000.000,3000000.000,4000000.000,4000000.000,3000000.000,4000000.000,4000000.000,4000000.000,4000000.000,4000000.000,3000000.000,,
NetCashProvidedByUsedInDiscontinuedOperations,,,,,,,33000000.000,,,,0.000,,,,0.000,,,,,,,,
NetCashProvidedByUsedInFinancingActivities,,,-271000000.000,,,,-119000000.000,,,,-133000000.000,,,,-512000000.000,,,,-1069000000.000,,,1979000000.000,
NetCashProvidedByUsedInFinancingActivitiesContinuingOperations,,,-271000000.000,,,,-119000000.000,,,,-133000000.000,,,,-512000000.000,,,,-1069000000.000,,,1979000000.000,
NetCashProvidedByUsedInInvestingActivities,,,-441000000.000,,,,-188000000.000,,,,-67000000.000,,,,7000000.000,,,,-211000000.000,,,-331000000.000,
NetCashProvidedByUsedInInvestingActivitiesContinuingOperations,,,-441000000.000,,,,-188000000.000,,,,-67000000.000,,,,7000000.000,,,,-211000000.000,,,-331000000.000,
NetCashProvidedByUsedInOperatingActivities,,,338000000.000,,,,-39000000.000,,,,123000000.000,,,,96000000.000,,,,189000000.000,,,-1900000000.000,
NetCashProvidedByUsedInOperatingActivitiesContinuingOperations,,,338000000.000,,,,-39000000.000,,,,123000000.000,,,,96000000.000,,,,189000000.000,,,-1900000000.000,
NetIncomeLoss,315000000.000,359000000.000,333000000.000,327000000.000,242000000.000,-430000000.000,163000000.000,72000000.000,135000000.000,166000000.000,270000000.000,207000000.000,1450000000.000,-89000000.000,162000000.000,167000000.000,156000000.000,66000000.000,76000000.000,146000000.000,239000000.000,329000000.000,-148000000.000
NetIncomeLossAttributableToNoncontrollingInterest,1000000.000,-1000000.000,1000000.000,,,,2000000.000,-2000000.000,0.000,-3000000.000,2000000.000,0.000,2000000.000,-3000000.000,-1000000.000,-2000000.000,0.000,1000000.000,0.000,-1000000.000,-1000000.000,,
NoncontrollingInterestIncreaseFromBusinessCombination,,,,,,,,,,,,,,,29000000.000,,,,,,,,
OperatingIncomeLoss,437000000.000,475000000.000,472000000.000,484000000.000,367000000.000,-638000000.000,235000000.000,123000000.000,189000000.000,262000000.000,374000000.000,248000000.000,296000000.000,-221000000.000,198000000.000,221000000.000,253000000.000,212000000.000,293000000.000,225000000.000,236000000.000,,
OtherComprehensiveIncomeDefinedBenefitPlansAdjustmentNetOfTaxPeriodIncreaseDecrease,,,4000000.000,,,,4000000.000,,,,,,,,,,,,,,,,
OtherComprehensiveIncomeDefinedBenefitPlansAdjustmentNetOfTaxPortionAttributableToParent,,,,,,,,,,,,,,,,,,,,,,,0.000
OtherComprehensiveIncomeDefinedBenefitPlansNetUnamortizedGainLossArisingDuringPeriodBeforeTax,,,,,,,-6000000.000,,,,,,,,,,,,,,,,
OtherComprehensiveIncomeDefinedBenefitPlansTax,,,2000000.000,,,,-2000000.000,,,,,,,,,,,,,,,,
OtherComprehensiveIncomeForeignCurrencyTransactionAndTranslationAdjustmentNetOfTaxPeriodIncreaseDecrease,,,-79000000.000,,,,11000000.000,,,,,,,,,,,,,,,,
OtherComprehensiveIncomeForeignCurrencyTransactionAndTranslationGainLossArisingDuringPeriodNetOfTax,,,,,,,,,,,,,,,,,28000000.000,,-43000000.000,44000000.000,,,
OtherComprehensiveIncomeForeignCurrencyTransactionAndTranslationGainLossBeforeReclassificationAndTax,,,,,,,28000000.000,-102000000.000,-135000000.000,122000000.000,-37000000.000,-15000000.000,68000000.000,-149000000.000,,,-25000000.000,,,-15000000.000,7000000.000,,
OtherComprehensiveIncomeForeignCurrencyTransactionAndTranslationReclassificationAdjustmentRealizedUponSaleOrLiquidationBeforeTax,,,,,,,10000000.000,,,,,,,,,,,,,,,,
OtherComprehensiveIncomeForeignCurrencyTranslationAdjustmentTax,,,,,,,-7000000.000,,,,,,,,,,,,,,,,
OtherComprehensiveIncomeForeignCurrencyTranslationGainLossArisingDuringPeriodTax,,,1000000.000,,,,7000000.000,,,,,,,,,,,,,,,,
OtherComprehensiveIncomeLossAvailableForSaleSecuritiesAdjustmentNetOfTax,,,,,,,,,,,,,,,,,,,,,,-2000000.000,11000000.000
OtherComprehensiveIncomeLossDerivativesQualifyingAsHedgesBeforeTax,,,,,,,,,,,,,,,,,12000000.000,,13000000.000,13000000.000,-6000000.000,,
OtherComprehensiveIncomeLossForeignCurrencyTransactionAndTranslationAdjustmentBeforeTax,,,,,,,,,,,,,,,,,,,,,6000000.000,,
OtherComprehensiveIncomeLossForeignCurrencyTransactionAndTranslationAdjustmentNetOfTax,,,,,,,,-102000000.000,-134000000.000,,-37000000.000,-15000000.000,28000000.000,-150000000.000,-198000000.000,-176000000.000,28000000.000,-194000000.000,-43000000.000,44000000.000,6000000.000,-703000000.000,252000000.000
OtherComprehensiveIncomeLossForeignCurrencyTransactionAndTranslationReclassificationAdjustmentFromAOCIRealizedUponSaleOrLiquidationBeforeTax,,,,,,,,,,,0.000,0.000,40000000.000,0.000,,,,,,31000000.000,1000000.000,,
OtherComprehensiveIncomeLossForeignCurrencyTransactionAndTranslationReclassificationAdjustmentFromAOCIRealizedUponSaleOrLiquidationNetOfTax,,,,,,,,,,,,,,,,,3000000.000,,,29000000.000,1000000.000,,
OtherComprehensiveIncomeLossForeignCurrencyTransactionAndTranslationReclassificationAdjustmentRealizedUponSaleOrLiquidationBeforeTax,,,,,,,,,1000000.000,,,,,,,,,,,,,,
OtherComprehensiveIncomeLossForeignCurrencyTranslationAdjustmentTax,,,,,,,,,0.000,,0.000,0.000,0.000,,198000000.000,176000000.000,,,,,,,
OtherComprehensiveIncomeLossNetOfTax,,,,,,,,-97000000.000,-130000000.000,,-34000000.000,-11000000.000,37000000.000,-230000000.000,-193000000.000,-172000000.000,28000000.000,-279000000.000,-37000000.000,49000000.000,14000000.000,-701000000.000,255000000.000
OtherComprehensiveIncomeLossNetOfTaxPeriodIncreaseDecrease,,,,,,,16000000.000,,,,,,,,,,,,,,,,
OtherComprehensiveIncomeLossNetOfTaxPortionAttributableToNoncontrollingInterest,,,,,,,,,,,0.000,0.000,2000000.000,,-1000000.000,-2000000.000,0.000,,0.000,-1000000.000,,,
OtherComprehensiveIncomeLossNetOfTaxPortionAttributableToParent,,,,,,,,,,,-34000000.000,-11000000.000,35000000.000,,-31000000.000,,,,,,,,
OtherComprehensiveIncomeLossPensionAndOtherPostretirementBenefitPlansAdjustmentBeforeTax,,,,,,,,,,,,,,,,5000000.000,6000000.000,,7000000.000,6000000.000,-7000000.000,,
OtherComprehensiveIncomeLossPensionAndOtherPostretirementBenefitPlansAdjustmentNetOfTax,,,,,,,,-5000000.000,-5000000.000,,-3000000.000,-4000000.000,-9000000.000,80000000.000,-5000000.000,-4000000.000,-4000000.000,80000000.000,-5000000.000,-3000000.000,-5000000.000,,
OtherComprehensiveIncomeLossPensionAndOtherPostretirementBenefitPlansNetUnamortizedGainLossArisingDuringPeriodBeforeTax,,,,,,,,7000000.000,7000000.000,,,,,,,,,,,,,,
OtherComprehensiveIncomeLossPensionAndOtherPostretirementBenefitPlansTax,,,,,,,,-2000000.000,-2000000.000,,-2000000.000,-1000000.000,-2000000.000,23000000.000,-1000000.000,-1000000.000,2000000.000,39000000.000,2000000.000,3000000.000,-2000000.000,,
OtherComprehensiveIncomeLossReclassificationAdjustmentFromAOCIPensionAndOtherPostretirementBenefitPlansForNetGainLossBeforeTax,,,,,,,,,,,-5000000.000,-5000000.000,-11000000.000,-1000000.000,,,,,,,,,
OtherComprehensiveIncomeUnrealizedGainLossOnDerivativesArisingDuringPeriodNetOfTax,,,,,,,,,,,,,,,,,,,,,,4000000.000,-8000000.000
OtherNoncashIncomeExpense,,,-39000000.000,,,,-6000000.000,,,,-16000000.000,,,,2000000.000,,,,-5000000.000,,,0.000,
OtherNonoperatingIncomeExpense,-6000000.000,-3000000.000,-8000000.000,-6000000.000,-5000000.000,-435000000.000,-9000000.000,-20000000.000,-1000000.000,1000000.000,-1000000.000,-1000000.000,0.000,1000000.000,4000000.000,-1000000.000,6000000.000,-91000000.000,-165000000.000,0.000,54000000.000,,
PaymentsForProceedsFromInvestments,,,,,,,80000000.000,,,,32000000.000,,,,,,,,,,,6000000.000,
PaymentsForProceedsFromOtherInvestingActivities,,,-29000000.000,,,,-8000000.000,,,,-6000000.000,,,,1000000.000,,,,0.000,,,0.000,
PaymentsForProceedsFromPreviousAcquisition,,,,,,,,,,,,,,,,,,,,,,45000000.000,
PaymentsForRepurchaseOfCommonStock,,,200000000.000,,,,50000000.000,,,,250000000.000,,,,417000000.000,,,,0.000,,,,
PaymentsOfDividends,,,116000000.000,,,,70000000.000,,,,74000000.000,,,,75000000.000,,,,87000000.000,,,0.000,
PaymentsOfDividendsMinorityInterest,,,,,,,,,,,,,,,,,,,,,,31000000.000,
PaymentsOfFinancingCosts,,,,,,,,,,,,,,,,,,,,,,6000000.000,
PaymentsToAcquireBusinessesNetOfCashAcquired,,,95000000.000,110000000.000,12000000.000,0.000,23000000.000,15000000.000,,,54000000.000,,,,152000000.000,373000000.000,,,138000000.000,128000000.000,,3000000.000,
PaymentsToAcquireInvestments,,,,,,,91000000.000,,,,32000000.000,,,,1000000.000,,,,7000000.000,,,,
PaymentsToAcquireProductiveAssets,,,207000000.000,,,,90000000.000,,,,92000000.000,,,,66000000.000,,,,68000000.000,,,371000000.000,
PensionAndOtherPostretirementBenefitContributions,,,,,,,,,,,,,,,,,,,,,,247000000.000,
PensionAndOtherPostretirementBenefitExpense,,,,,,,,,,,,,,,,,,,,,,-155000000.000,
ProceedsFromDivestitureOfBusinessesNetOfCashDivested,,,,,,,,,,,,,,,,,,,,,,47000000.000,
ProceedsFromIssuanceOfLongTermDebt,,,,,,,,,,,,,,,,,,,,,,7000000.000,
ProceedsFromPaymentsForOtherFinancingActivities,,,-18000000.000,,,,-16000000.000,,,,-9000000.000,,,,-15000000.000,,,,-12000000.000,,,-10000000.000,
ProceedsFromRepaymentsOfDebt,,,34000000.000,,,,,,,,310000000.000,,,,,,,,,,,,
ProceedsFromRepaymentsOfShortTermDebt,,,,,,,,,,,,,,,0.000,,,,,,,,
ProceedsFromRepaymentsOfShortTermDebtMaturingInMoreThanThreeMonths,,,,,,,,,,,,,,,,,,,,,,1312000000.000,
ProceedsFromSaleMaturityAndCollectionsOfInvestments,,,,,,,11000000.000,,,,112000000.000,,,,275000000.000,,,,1000000.000,,,,
ProceedsFromSaleOfProductiveAssets,,,2000000.000,,,,3000000.000,,,,4000000.000,,,,1000000.000,,,,0.000,,,,
ProceedsFromSaleOfPropertyPlantAndEquipment,,,,,,,,,,,,,,,,,,,,,,2000000.000,
ProceedsFromShortTermDebt,,,411000000.000,,,,,,,,310000000.000,,,,,,,,817000000.000,,,,
ProceedsFromStockOptionsExercised,,,29000000.000,,,,46000000.000,,,,40000000.000,,,,33000000.000,,,,11000000.000,,,29000000.000,
ProductWarrantyAccrualCurrencyTranslationIncreaseDecrease,,,-1000000.000,,,,,,,,,,,,,,,,,,,,
ProductWarrantyAccrualPayments,,,6000000.000,,,,2000000.000,,,,3000000.000,,,,2000000.000,,,,2000000.000,,,73000000.000,
ProductWarrantyAccrualPreexistingIncreaseDecrease,,,-1000000.000,,,,-1000000.000,,,,-2000000.000,,,,-1000000.000,,,,-1000000.000,,,-6000000.000,
ProductWarrantyAccrualWarrantiesIssued,,,,,,,,,,,,,,,,,,,,,,82000000.000,
ProfitLoss,316000000.000,358000000.000,334000000.000,327000000.000,242000000.000,-432000000.000,165000000.000,70000000.000,135000000.000,163000000.000,272000000.000,207000000.000,1452000000.000,-92000000.000,161000000.000,165000000.000,156000000.000,67000000.000,76000000.000,145000000.000,238000000.000,378000000.000,-115000000.000
RelatedPartyTransactionPurchasesFromRelatedParty,,,,,,,,,,,,,,,,,,,,,,49000000.000,52000000.000
RepaymentsOfDebt,,,,,,,,,,,150000000.000,,,,0.000,,,,,,,,
RepaymentsOfLongTermDebt,,,1000000.000,,,,,,,,,,,,,,,,1134000000.000,,,763000000.000,
RepaymentsOfShortTermDebt,,,376000000.000,,,,,,,,,,,,,,,,666000000.000,,,,
RestructuringAndRelatedCostCostIncurredToDate,,29000000.000,37000000.000,16000000.000,29000000.000,22000000.000,10000000.000,22000000.000,,,3000000.000,,,,,,,,,,,,
RestructuringAndRelatedCostExpectedCost,,,,,,,50000000.000,,,,,,,,,,,,,,,,
RestructuringCharges,,,2000000.000,,,,,,,,,,,,,,,,,,,78000000.000,99000000.000
RestructuringSettlementAndImpairmentProvisions,12000000.000,30000000.000,37000000.000,16000000.000,29000000.000,22000000.000,10000000.000,,53000000.000,,3000000.000,7000000.000,17000000.000,22000000.000,58000000.000,12000000.000,38000000.000,68000000.000,12000000.000,5000000.000,5000000.000,,
RevenueFromRelatedParties,,,,,,,,,,,,,,,,,,,,,,225000000.000,229000000.000
Revenues,3992000000.000,4293000000.000,4208000000.000,4354000000.000,4460000000.000,-2619000000.000,2600000000.000,2608000000.000,2678000000.000,2761000000.000,2647000000.000,2487000000.000,2662000000.000,2544000000.000,2479000000.000,2430000000.000,2489000000.000,2504000000.000,2376000000.000,2331000000.000,2449000000.000,7086000000.000,7267000000.000
SalesRevenueGoodsNet,2118000000.000,2336000000.000,2295000000.000,2406000000.000,2480000000.000,-1336000000.000,1443000000.000,1437000000.000,1508000000.000,1565000000.000,1493000000.000,1470000000.000,1621000000.000,1637000000.000,1488000000.000,1458000000.000,1511000000.000,1508000000.000,1408000000.000,1398000000.000,1487000000.000,5305000000.000,5448000000.000
SalesRevenueNet,3992000000.000,4293000000.000,4208000000.000,4354000000.000,4460000000.000,-2619000000.000,2600000000.000,2608000000.000,2678000000.000,2761000000.000,2647000000.000,2487000000.000,2662000000.000,2544000000.000,2479000000.000,2430000000.000,2489000000.000,2504000000.000,2376000000.000,2331000000.000,2449000000.000,7086000000.000,7267000000.000
SalesRevenueServicesNet,1874000000.000,1957000000.000,1913000000.000,1948000000.000,1980000000.000,-1283000000.000,1157000000.000,1171000000.000,1170000000.000,1196000000.000,1154000000.000,1017000000.000,1041000000.000,907000000.000,991000000.000,972000000.000,978000000.000,996000000.000,968000000.000,933000000.000,962000000.000,1781000000.000,1819000000.000
SellingGeneralAndAdministrativeExpense,1085000000.000,1143000000.000,1123000000.000,1109000000.000,1293000000.000,-622000000.000,682000000.000,790000000.000,737000000.000,721000000.000,599000000.000,639000000.000,671000000.000,1131000000.000,653000000.000,648000000.000,625000000.000,647000000.000,573000000.000,602000000.000,667000000.000,1570000000.000,1726000000.000
ShareBasedCompensation,,,,,,,,,,,,,,,,,,,,,,37000000.000,
ShareBasedCompensationArrangementByShareBasedPaymentAwardFairValueAssumptionsExpectedVolatilityRate,,,0.360,,,,0.350,,,,0.330,0.330,0.330,,0.320,,,,0.260,0.260,,,
ShareBasedCompensationArrangementByShareBasedPaymentAwardFairValueAssumptionsRiskFreeInterestRate,,,0.015,,,,0.009,,,,0.016,0.016,0.016,,0.018,,,,0.016,0.016,,,
ShareBasedCompensationArrangementByShareBasedPaymentAwardSharesIssuedInPeriod,,,5000000.000,,,,4200000.000,,,,3000000.000,3000000.000,3000000.000,,2400000.000,,,,3700000.000,3700000.000,,,
StandardAndExtendedProductWarrantyAccrualForeignCurrencyTranslationGainLoss,,,,,,,,,,,,,,,,,,,,,,-6000000.000,
StandardProductWarrantyAccrualWarrantiesIssued,,,5000000.000,,,,3000000.000,,,,3000000.000,,,,2000000.000,,,,3000000.000,,,,
StockIssuedDuringPeriodValueShareBasedCompensation,,,,,,,,,,,,,,,33000000.000,,,,11000000.000,,,,
StockRepurchaseProgramAuthorizedAmount,,,,,,,,,,,,1750000000.000,1750000000.000,,,,,,,,,,
StockRepurchaseProgramRemainingAuthorizedRepurchaseAmount,,,,,,,150000000.000,,,,250000000.000,,,,,,,,,,,,
StockRepurchasedDuringPeriodShares,,,,,,,2000000.000,,,,7000000.000,,13000000.000,,10000000.000,,,,10000000.000,,0.000,,
StockRepurchasedDuringPeriodValue,,,,,,,50000000.000,,,,250000000.000,,556000000.000,,417000000.000,,,,417000000.000,,,,
StockholdersEquityOther,,,19000000.000,,,,56000000.000,,,,10000000.000,,,,16000000.000,,,,8000000.000,,,,
TradingSecuritiesUnrealizedHoldingGainLoss,,,,,,,,,,,,,,,,,1000000.000,,3000000.000,-1000000.000,0.000,,
TreasuryStockRetiredCostMethodAmount,,,,,,,,,,,,,,,0.000,,,,,,,,
TreasuryStockValueAcquiredCostMethod,,,200000000.000,,,,50000000.000,,,,250000000.000,,,,417000000.000,,,,,,,,
WeightedAverageNumberDilutedSharesOutstandingAdjustment,5000000.000,7000000.000,5000000.000,6000000.000,7000000.000,,7000000.000,8000000.000,8000000.000,-16000000.000,7000000.000,8000000.000,8000000.000,-15000000.000,7000000.000,7000000.000,6000000.000,-14000000.000,4000000.000,3000000.000,3000000.000,,
WeightedAverageNumberOfDilutedSharesOutstanding,477000000.000,475000000.000,469000000.000,469000000.000,470000000.000,-945000000.000,473000000.000,474000000.000,471000000.000,-946000000.000,471000000.000,469000000.000,466000000.000,-943000000.000,427000000.000,427000000.000,427000000.000,-854000000.000,428000000.000,428000000.000,429000000.000,947400000.000,939200000.000
WeightedAverageNumberOfSharesOutstandingBasic,472000000.000,468000000.000,464000000.000,463000000.000,463000000.000,-927000000.000,466000000.000,466000000.000,463000000.000,-930000000.000,464000000.000,461000000.000,458000000.000,-928000000.000,420000000.000,420000000.000,421000000.000,-840000000.000,424000000.000,425000000.000,426000000.000,937200000.000,939200000.000
