,2011-06-30,2011-09-30,2012-03-31,2012-06-30,2012-09-30,2012-12-31,2013-03-31,2013-06-30,2013-09-30,2013-12-31,2014-03-31,2014-06-30,2014-09-30,2015-03-31
AllocatedShareBasedCompensationExpense,,,,500000.000,200000.000,,,,,,,,,
AmortizationOfFinancingCosts,,,948000.000,,,,,,,,,,,
AmortizationOfFinancingCostsAndDiscounts,,,,,,,939000.000,,,,941000.000,,,-2737000.000
AmortizationOfIntangibleAssets,,,,,,,,,,,,,,1900000.000
AntidilutiveSecuritiesExcludedFromComputationOfEarningsPerShareAmount,,,,,330200.000,,1581036.000,515850.000,1093434.000,-1899189.000,950978.000,718694.000,,
BusinessCombinationAcquisitionRelatedCosts,,,,,,,,,2723000.000,,521000.000,383000.000,,84000.000
CashAndCashEquivalentsPeriodIncreaseDecrease,,,-32713000.000,,,,-16089000.000,,,,-15406000.000,,,-20863000.000
CashProvidedByUsedInOperatingActivitiesDiscontinuedOperations,,,-7000.000,,,,-7000.000,,,,,,,
CasinoExpenses,60153000.000,,62126000.000,65250000.000,76630000.000,,,,,,,66535000.000,,62233000.000
CasinoRevenue,97634000.000,102598000.000,100141000.000,107503000.000,132020000.000,106184000.000,114769000.000,119186000.000,115268000.000,105360000.000,106950000.000,112656000.000,,101309000.000
ComprehensiveIncomeNetOfTax,,,,-2347000.000,5321000.000,,-776000.000,2397000.000,-3618000.000,-6920000.000,-6205000.000,-1175000.000,,-7811000.000
ComprehensiveIncomeNetOfTaxIncludingPortionAttributableToNoncontrollingInterest,,,-3183000.000,,,,,,,,,,,
CostsAndExpenses,94185000.000,105137000.000,93571000.000,104158000.000,123389000.000,102926000.000,105795000.000,112184000.000,114182000.000,101755000.000,102636000.000,107560000.000,,100491000.000
CurrentStateAndLocalTaxExpenseBenefit,,,,,,,,,,,100000.000,,,
DeferredIncomeTaxExpenseBenefit,,,626000.000,,,,,,,,,,,
DepreciationAndAmortization,6981000.000,7022000.000,6238000.000,5861000.000,7880000.000,7532000.000,7544000.000,7547000.000,7691000.000,7676000.000,7784000.000,7705000.000,,10539000.000
DepreciationDepletionAndAmortization,,,,,,,,,,,,,,10539000.000
DirectCostsOfOwnedHotels,5900000.000,6688000.000,5774000.000,6734000.000,8604000.000,7442000.000,7519000.000,8276000.000,8614000.000,7386000.000,7339000.000,7947000.000,,337000.000
DiscontinuedOperationIncomeLossFromDiscontinuedOperationBeforeIncomeTax,,,,-255000.000,-23000.000,,,,,,,,,
DiscontinuedOperationTaxEffectOfDiscontinuedOperation,,,,0.000,0.000,,,,,,,,,
EarningsPerShareBasic,0.080,-1.490,-0.110,-0.090,0.190,-0.190,-0.030,0.080,-0.130,-0.240,-0.220,-0.040,,
EarningsPerShareDiluted,0.080,-1.490,-0.110,-0.090,0.190,-0.190,-0.030,0.080,-0.130,-0.240,-0.220,-0.040,,
EmployeeServiceShareBasedCompensationCashReceivedFromExerciseOfStockOptions,,,,,,,,,,,,,,300000.000
FairValueMeasurementWithUnobservableInputsReconciliationRecurringBasisLiabilityGainLossIncludedInEarnings,,,,,,,-19000.000,,,,-18000.000,,,-16000.000
FoodAndBeverageCostOfSales,,,,,,,,,,,,,,5302000.000
FoodAndBeverageRevenue,,,,,,,,,,,,,,7717000.000
GainLossOnDispositionOfAssets,,,,,,,,,-161000.000,,-18000.000,-27000.000,,1000.000
GainLossOnDispositionOfProperty,197000.000,16000.000,5000.000,-1000.000,,,82000.000,11000.000,,,,,,
GainsLossesOnExtinguishmentOfDebt,,-34364000.000,,,,,,,,,,,,
GeneralAndAdministrativeExpense,13287000.000,13389000.000,13197000.000,15123000.000,17799000.000,16619000.000,15977000.000,16533000.000,16351000.000,15871000.000,16920000.000,15490000.000,,15949000.000
ImpairmentOfIntangibleAssetsIndefinitelivedExcludingGoodwill,,,,,,,,,,,,,,0.000
IncomeLossFromContinuingOperationsBeforeIncomeTaxesMinorityInterestAndIncomeLossFromEquityMethodInvestments,2978000.000,-40073000.000,-2561000.000,-1382000.000,6065000.000,-3992000.000,167000.000,2772000.000,-2708000.000,-5895000.000,-5196000.000,-49000.000,,-4908000.000
IncomeLossFromContinuingOperationsIncludingPortionAttributableToNoncontrollingInterest,2262000.000,-41517000.000,,-2100000.000,5336000.000,,,2386000.000,-3629000.000,,,,,
IncomeLossFromContinuingOperationsPerBasicShare,0.080,-1.490,,-0.080,0.190,,,0.080,-0.130,,,,,
IncomeLossFromContinuingOperationsPerDilutedShare,0.080,-1.490,,-0.080,0.190,,,0.080,-0.130,,,,,
IncomeLossFromDiscontinuedOperationsNetOfTax,,,,-255000.000,-23000.000,,,,,,,,,
IncomeLossFromDiscontinuedOperationsNetOfTaxPerBasicShare,,0.000,,-0.010,,,,,,,,,,
IncomeLossFromDiscontinuedOperationsNetOfTaxPerDilutedShare,,0.000,,-0.010,,,,,,,,,,
IncomeTaxExpenseBenefit,716000.000,1444000.000,630000.000,718000.000,729000.000,1500000.000,953000.000,386000.000,921000.000,1207000.000,1017000.000,1133000.000,,2903000.000
IncomeTaxExpenseBenefitContinuingOperations,,,,700000.000,,,,,,,,,,
IncomeTaxReconciliationChangeInDeferredTaxAssetsValuationAllowance,,,,,,,900000.000,,,,900000.000,,,
IncomeTaxReconciliationNondeductibleExpenseAmortization,,,,,,,,,,,,,1400000.000,
IncomeTaxesPaidNet,,,,,,,175000.000,,,,,,,
IncreaseDecreaseInAccountsPayable,,,-4564000.000,,,,-6033000.000,,,,-3749000.000,,,-3933000.000
IncreaseDecreaseInAccountsReceivable,,,-1765000.000,,,,-1401000.000,,,,-2569000.000,,,-857000.000
IncreaseDecreaseInAccruedIncomeTaxesPayable,,,-310000.000,,,,-74000.000,,,,96000.000,,,
IncreaseDecreaseInAccruedLiabilities,,,-13137000.000,,,,-14262000.000,,,,-14014000.000,,,-13007000.000
IncreaseDecreaseInDeferredCompensation,,,,,,,-44000.000,,,,-816000.000,,,
IncreaseDecreaseInOtherCurrentAssets,,,-33000.000,,,,270000.000,,,,-490000.000,,,-745000.000
IncreaseDecreaseInOtherNoncurrentAssets,,,,,,,,,,,-31000.000,,,
IncreaseDecreaseInOtherOperatingCapitalNet,,,262000.000,,,,169000.000,,,,125000.000,,,117000.000
IncreaseDecreaseInRestrictedCash,,,1063000.000,,,,2795000.000,,,,1502000.000,,,2623000.000
InterestExpense,13364000.000,16265000.000,17020000.000,16395000.000,17227000.000,17351000.000,17391000.000,17392000.000,17393000.000,17395000.000,17390000.000,17391000.000,,13399000.000
InterestPaid,,,,,,,32838000.000,,,,32838000.000,,,32238000.000
InterestPaidNet,,,32488000.000,,,,,,,,,,,
InvestmentIncomeInterest,8000.000,54000.000,80000.000,54000.000,25000.000,9000.000,14000.000,8000.000,4000.000,6000.000,2000.000,2000.000,,1000.000
NetCashProvidedByUsedInFinancingActivities,,,-157000.000,,,,,,,,264000.000,,,
NetCashProvidedByUsedInFinancingActivitiesContinuingOperations,,,-157000.000,,,,,,,,264000.000,,,
NetCashProvidedByUsedInInvestingActivities,,,-20959000.000,,,,-5571000.000,,,,-4043000.000,,,-8107000.000
NetCashProvidedByUsedInInvestingActivitiesContinuingOperations,,,-20959000.000,,,,-5571000.000,,,,-4043000.000,,,-8107000.000
NetCashProvidedByUsedInOperatingActivities,,,-11597000.000,,,,-10518000.000,,,,-11627000.000,,,-12756000.000
NetCashProvidedByUsedInOperatingActivitiesContinuingOperations,,,-11590000.000,,,,-10511000.000,,,,-11627000.000,,,-12756000.000
NetIncomeLossAvailableToCommonStockholdersBasic,,-41517000.000,-3191000.000,-2355000.000,5313000.000,-5491000.000,-786000.000,2386000.000,-3629000.000,-7102000.000,-6213000.000,-1182000.000,,-7811000.000
NonoperatingIncomeExpense,,,,,,,,,,,,,,-13398000.000
OperatingCostsAndExpenses,,62923000.000,,,,,67270000.000,69265000.000,68089000.000,62157000.000,63329000.000,,,
OperatingIncomeLoss,16334000.000,10502000.000,14379000.000,14959000.000,23267000.000,13350000.000,17544000.000,20156000.000,14681000.000,11494000.000,12192000.000,17340000.000,,8490000.000
OtherComprehensiveIncomeAmortizationOfDefinedBenefitPlanNetPriorServiceCostRecognizedInNetPeriodicPensionCostNetOfTax,,,8000.000,,,,,,,,,,,
OtherComprehensiveIncomeAmortizationOfDefinedBenefitPlanNetPriorServiceCostRecognizedInNetPeriodicPensionCostTax,,,,5000.000,4000.000,,0.000,0.000,,,,,,
OtherComprehensiveIncomeLossAmortizationAdjustmentFromAOCIPensionAndOtherPostretirementBenefitPlansForNetPriorServiceCostCreditNetOfTax,,,,,,,,,11000.000,,8000.000,7000.000,,
OtherComprehensiveIncomeLossAmortizationAdjustmentFromAOCIPensionAndOtherPostretirementBenefitPlansForNetPriorServiceCostCreditTax,,,,,,,,,0.000,,0.000,0.000,,
OtherComprehensiveIncomeLossAmortizationPensionAndOtherPostretirementBenefitPlansNetPriorServiceCostRecognizedInNetPeriodicPensionCostNetOfTax,,,,-8000.000,-8000.000,,-10000.000,-11000.000,,,,,,
OtherComprehensiveIncomeLossAmortizationPensionAndOtherPostretirementBenefitPlansNetPriorServiceCostRecognizedInNetPeriodicPensionCostTaxEffect,,,5000.000,,,,,,,,,,,
OtherComprehensiveIncomeLossNetOfTaxPeriodIncreaseDecrease,,,8000.000,,,,,,,,,,,
OtherComprehensiveIncomeLossNetOfTaxPortionAttributableToParent,,,,8000.000,8000.000,,10000.000,11000.000,11000.000,182000.000,8000.000,7000.000,,
OtherCostAndExpenseOperating,,5758000.000,,,,,-49000.000,-214000.000,-16000.000,201000.000,,,,
OtherCostOfOperatingRevenue,1734000.000,1814000.000,1345000.000,1893000.000,2358000.000,1778000.000,1541000.000,2299000.000,2679000.000,1790000.000,1525000.000,2333000.000,,1181000.000
OtherNoncashIncomeTaxExpense,,,,,,,,,,,923000.000,,,2644000.000
OtherSalesRevenueNet,4221000.000,2689000.000,1946000.000,2612000.000,3583000.000,3251000.000,2157000.000,3634000.000,3791000.000,3110000.000,2421000.000,3853000.000,,2464000.000
PaymentsOfFinancingCosts,,,157000.000,,,,,,,,,,,
PaymentsToAcquirePropertyPlantAndEquipment,,,23352000.000,,,,2905000.000,,,,2808000.000,,,5486000.000
ProceedsFromIncomeTaxRefunds,,,314000.000,,,,,,,,,,,
ProceedsFromSaleOfPropertyPlantAndEquipment,,,5000.000,,,,127000.000,,,,1000.000,,,2000.000
ProceedsFromStockOptionsExercised,,,,,,,,,,,264000.000,,,
ProfitLoss,2262000.000,,,,,,,,,,,,,
PromotionalAllowances,2796000.000,2962000.000,3170000.000,3148000.000,3876000.000,3904000.000,4455000.000,4707000.000,5584000.000,6532000.000,4818000.000,5252000.000,,4779000.000
ProvisionForDoubtfulAccounts,,,-8000.000,,,,6000.000,,,,-4000.000,,,49000.000
RepaymentsOfAdvancesForConstruction,,,-13144000.000,,,,,,,,,,,
RevenueFromOwnedHotels,8167000.000,9416000.000,7874000.000,8786000.000,11105000.000,8724000.000,9488000.000,10808000.000,11255000.000,9080000.000,8995000.000,10300000.000,,1148000.000
Revenues,113315000.000,118601000.000,111120000.000,122265000.000,150532000.000,120180000.000,127794000.000,137047000.000,134447000.000,119781000.000,119646000.000,130152000.000,,113843000.000
SalesRevenueNet,110519000.000,115639000.000,107950000.000,119117000.000,146656000.000,116276000.000,123339000.000,132340000.000,128863000.000,113249000.000,114828000.000,124900000.000,,109064000.000
SellingAndMarketingExpense,2916000.000,3440000.000,3073000.000,3708000.000,6065000.000,4090000.000,4223000.000,5113000.000,4187000.000,2726000.000,3331000.000,3784000.000,,3254000.000
ShareBasedCompensation,,,162000.000,,,,448000.000,200000.000,200000.000,102000.000,455000.000,100000.000,,
StateAndLocalIncomeTaxExpenseBenefitContinuingOperations,,,,,,,,,,,,200000.000,600000.000,
ValuationAllowanceDeferredTaxAssetChangeInAmount,,,,,,,,,,,,900000.000,,
WeightedAverageNumberDilutedSharesOutstandingAdjustment,,,,,368962.000,,,276862.000,,,,,,
WeightedAverageNumberOfDilutedSharesOutstanding,27869684.000,27880204.000,27960030.000,27984595.000,28416008.000,-56349120.000,28137030.000,28456713.000,28379199.000,-56699991.000,28500328.000,28723204.000,,
WeightedAverageNumberOfSharesOutstandingBasic,27800392.000,27880204.000,27960030.000,27984595.000,28047046.000,-55980158.000,28137030.000,28179851.000,28379199.000,-56423129.000,28500328.000,28723204.000,,
