,2011-06-30,2011-09-30,2011-12-31,2012-03-31,2012-06-30,2012-09-30,2012-12-31,2013-03-31,2013-06-30
AmortizationOfIntangibleAssets,9800000.000,10900000.000,5800000.000,15600000.000,12600000.000,10900000.000,10000000.000,10300000.000,10300000.000
AntidilutiveSecuritiesExcludedFromComputationOfEarningsPerShareAmount,300000.000,1500000.000,4900000.000,-5100000.000,1700000.000,900000.000,600000.000,-3000000.000,300000.000
CapitalizedComputerSoftwareAdditions,-28800000.000,,,,-32000000.000,,,,
CashAndCashEquivalentsPeriodIncreaseDecrease,-78000000.000,,,,-31400000.000,,,,263200000.000
ComprehensiveIncomeNetOfTax,103800000.000,72500000.000,137600000.000,87000000.000,24500000.000,102900000.000,122200000.000,81500000.000,51500000.000
CostsAndExpenses,387300000.000,395700000.000,386400000.000,458700000.000,430500000.000,410200000.000,432600000.000,462700000.000,413900000.000
DeferredIncomeTaxExpenseBenefit,-3200000.000,,,,1400000.000,,,,1100000.000
DepreciationAndAmortization,53500000.000,,,,57900000.000,,,,57400000.000
DerivativeInstrumentsGainLossRecognizedInIncomeNet,-1000000.000,900000.000,,,,,,,
EarningsPerShareBasic,0.540,0.660,0.720,0.440,0.340,0.620,0.710,0.500,0.370
EarningsPerShareDiluted,0.530,0.650,0.710,0.430,0.330,0.610,0.700,0.490,0.360
EffectOfExchangeRateOnCashAndCashEquivalents,5600000.000,,,,-15900000.000,,,,-10800000.000
EffectiveIncomeTaxRateContinuingOperations,0.157,0.266,0.243,,0.177,0.257,0.224,-0.432,0.057
EffectiveIncomeTaxRateReconciliationAtFederalStatutoryIncomeTaxRate,0.350,,,,0.350,,,,0.350
EffectiveIncomeTaxRateReconciliationForeignIncomeTaxRateDifferential,0.120,0.067,0.073,,0.134,0.072,0.096,-0.405,0.161
EffectiveIncomeTaxRateReconciliationTaxSettlements,0.055,0.000,,,,,,,0.146
EmployeeServiceShareBasedCompensationUnrecognizedCompensationCostsOnNonvestedAwardsWeightedAveragePeriodOfRecognition,2.000,,,,,,,,
ExcessTaxBenefitFromShareBasedCompensationFinancingActivities,11600000.000,,,,2900000.000,,,,2400000.000
FairValueMeasurementWithUnobservableInputsReconciliationRecurringBasisAssetGainLossIncludedInEarnings,0.000,,,,,,,,
FairValueMeasurementWithUnobservableInputsReconciliationRecurringBasisAssetGainLossIncludedInOtherComprehensiveIncome,-200000.000,-1000000.000,400000.000,1000000.000,,,,,
FairValueMeasurementWithUnobservableInputsReconciliationRecurringBasisAssetGainLossIncludedInOtherComprehensiveIncomeLoss,,,,,-600000.000,100000.000,100000.000,0.000,400000.000
FairValueMeasurementWithUnobservableInputsReconciliationRecurringBasisAssetPurchasesSalesIssuancesSettlements,-200000.000,-200000.000,-100000.000,0.000,-7600000.000,,,,
GainLossOnCashFlowHedgeIneffectivenessNet,,,,,,,0.000,,0.000
GainLossOnInvestments,100000.000,-2200000.000,-1300000.000,2200000.000,-400000.000,700000.000,300000.000,1400000.000,200000.000
GeneralAndAdministrativeExpense,58600000.000,51000000.000,50400000.000,57900000.000,63000000.000,55900000.000,56200000.000,63600000.000,73300000.000
IncomeLossFromContinuingOperationsBeforeIncomeTaxesExtraordinaryItemsNoncontrollingInterest,,156200000.000,158300000.000,,65700000.000,131600000.000,137000000.000,93600000.000,55700000.000
IncomeLossFromContinuingOperationsBeforeIncomeTaxesMinorityInterestAndIncomeLossFromEquityMethodInvestments,113500000.000,156200000.000,158300000.000,102000000.000,65700000.000,131600000.000,137000000.000,93600000.000,
IncomeTaxExpenseBenefit,17800000.000,41500000.000,38400000.000,31300000.000,11600000.000,33800000.000,30700000.000,20800000.000,3200000.000
IncomeTaxReconciliationTaxSettlements,6200000.000,0.000,,,,,,,
IncomeTaxesPaidNet,8600000.000,,,,37700000.000,,,,-3000000.000
IncreaseDecreaseInAccountsReceivable,-111100000.000,,,,-103400000.000,,,,-114900000.000
IncreaseDecreaseInAccruedLiabilities,-116200000.000,,,,-88300000.000,,,,-81800000.000
IncreaseDecreaseInDeferredRevenue,109800000.000,,,,-26500000.000,,,,20500000.000
IncreaseDecreaseInFinanceReceivables,7700000.000,,,,-72800000.000,,,,-61700000.000
IncreaseDecreaseInOtherNoncurrentAssets,,,,,-3100000.000,,,,-1500000.000
IncreaseDecreaseInOtherNoncurrentLiabilities,,,,,-4100000.000,,,,-6500000.000
IncreaseDecreaseInOtherOperatingCapitalNet,15400000.000,,,,2500000.000,,,,2300000.000
IncreaseDecreaseInPrepaidDeferredExpenseAndOtherAssets,,,,,-10000000.000,,,,-7500000.000
InterestExpense,5500000.000,5200000.000,4500000.000,8100000.000,10200000.000,10600000.000,12700000.000,14300000.000,15000000.000
InterestPaid,11200000.000,,,,11100000.000,,,,19500000.000
LicenseCosts,38300000.000,39300000.000,38600000.000,42200000.000,39200000.000,40500000.000,41100000.000,38800000.000,40100000.000
LicensesRevenue,189500000.000,229700000.000,225000000.000,233600000.000,171600000.000,209200000.000,232300000.000,225400000.000,141000000.000
MaintenanceCosts,43800000.000,49500000.000,46200000.000,59000000.000,50900000.000,53000000.000,51300000.000,53200000.000,51500000.000
MaintenanceRevenue,264600000.000,270500000.000,272300000.000,273000000.000,278800000.000,285400000.000,288700000.000,286200000.000,289300000.000
NetCashProvidedByUsedInFinancingActivities,-166800000.000,,,,-146000000.000,,,,5700000.000
NetCashProvidedByUsedInFinancingActivitiesContinuingOperations,-166800000.000,,,,-146000000.000,,,,5700000.000
NetCashProvidedByUsedInInvestingActivities,-178200000.000,,,,-89100000.000,,,,1200000.000
NetCashProvidedByUsedInInvestingActivitiesContinuingOperations,-178200000.000,,,,-89100000.000,,,,1200000.000
NetCashProvidedByUsedInOperatingActivities,261400000.000,,,,219600000.000,,,,267100000.000
NetCashProvidedByUsedInOperatingActivitiesContinuingOperations,261400000.000,,,,219600000.000,,,,267100000.000
NetIncomeLoss,95700000.000,114700000.000,119900000.000,70700000.000,54100000.000,97800000.000,106300000.000,72800000.000,52500000.000
NetIncomeLossAvailableToCommonStockholdersBasic,,114700000.000,119900000.000,,54100000.000,97800000.000,106300000.000,72800000.000,52500000.000
NetIncomeLossAvailableToCommonStockholdersDiluted,,114700000.000,119900000.000,,54100000.000,97800000.000,106300000.000,72800000.000,52500000.000
NonoperatingIncomeExpense,-1600000.000,-4800000.000,-3500000.000,-4000000.000,-8200000.000,-6400000.000,-10600000.000,-12300000.000,-14000000.000
OperatingIncomeLoss,115100000.000,161000000.000,161800000.000,106000000.000,73900000.000,138000000.000,147600000.000,105900000.000,69700000.000
OtherComprehensiveIncomeForeignCurrencyTransactionAndTranslationAdjustmentNetOfTaxPeriodIncreaseDecrease,8300000.000,-41500000.000,17400000.000,15300000.000,,,,,
OtherComprehensiveIncomeLossDerivativesQualifyingAsHedgesNetOfTax,,,,,,,-200000.000,,-100000.000
OtherComprehensiveIncomeLossDerivativesQualifyingAsHedgesTax,,,,,,,,,0.000
OtherComprehensiveIncomeLossForeignCurrencyTransactionAndTranslationAdjustmentNetOfTax,,,,,-29200000.000,5100000.000,16000000.000,7800000.000,-1400000.000
OtherComprehensiveIncomeLossForeignCurrencyTranslationAdjustmentTax,,,,,-1700000.000,1000000.000,-1900000.000,-700000.000,1000000.000
OtherComprehensiveIncomeLossNetOfTax,,,,,-29600000.000,5100000.000,15900000.000,8700000.000,-1000000.000
OtherComprehensiveIncomeLossNetOfTaxPeriodIncreaseDecrease,,-42200000.000,17700000.000,,,,,,
OtherComprehensiveIncomeUnrealizedHoldingGainLossOnSecuritiesArisingDuringPeriodNetOfTax,-200000.000,-700000.000,300000.000,1000000.000,-400000.000,,100000.000,,500000.000
OtherComprehensiveIncomeUnrealizedHoldingGainLossOnSecuritiesArisingDuringPeriodTax,,,,,200000.000,0.000,0.000,-300000.000,0.000
OtherInterestAndDividendIncome,,2600000.000,2300000.000,,2400000.000,3500000.000,1800000.000,600000.000,800000.000
OtherNoncashExpense,,,,,,,,,600000.000
PaymentsForProceedsFromOtherInvestingActivities,,,,,-2100000.000,,,,
PaymentsForRepurchaseOfCommonStock,180500000.000,,,,150000000.000,,,,
PaymentsForRepurchaseOfCommonStockForEmployeeTaxWithholdingObligations,,,,,16900000.000,3100000.000,18100000.000,7100000.000,18100000.000
PaymentsToAcquireBusinessesNetOfCashAcquired,145900000.000,,,,6900000.000,,,,3100000.000
PaymentsToAcquireInvestments,6700000.000,,,,65800000.000,,,,8800000.000
PaymentsToAcquirePropertyPlantAndEquipment,3000000.000,,,,7200000.000,,,,5600000.000
PaymentsToDevelopSoftware,,,,,,,,,31500000.000
ProceedsFromIssuanceOfSharesUnderIncentiveAndShareBasedCompensationPlansIncludingStockOptions,26400000.000,,,,20600000.000,,,,24500000.000
ProceedsFromSaleMaturityAndCollectionsOfInvestments,5000000.000,,,,,,,,
ProceedsFromSaleOfFinanceReceivables,,,,,72800000.000,39000000.000,43200000.000,29700000.000,87800000.000
RepaymentsOfLongTermDebt,2600000.000,,,,,,,,
RepaymentsOfLongTermDebtAndCapitalSecurities,,,,,2600000.000,,,,3100000.000
ResearchAndDevelopmentExpenseSoftwareExcludingAcquiredInProcessCost,44700000.000,38300000.000,38500000.000,43700000.000,42200000.000,32300000.000,41900000.000,58200000.000,43000000.000
Revenues,502400000.000,556700000.000,548200000.000,564700000.000,504400000.000,548200000.000,580200000.000,568600000.000,483600000.000
SalesRevenueNet,502400000.000,556700000.000,548200000.000,564700000.000,504400000.000,548200000.000,580200000.000,568600000.000,483600000.000
SegmentReportingInformationIncomeLossBeforeIncomeTaxes,113500000.000,,,,,,,,
SegmentReportingInformationOperatingIncomeLoss,170500000.000,,,,,,,,
SellingAndMarketingExpense,144700000.000,153500000.000,154100000.000,181700000.000,164900000.000,163100000.000,175800000.000,183100000.000,146500000.000
ShareBasedCompensation,30800000.000,30800000.000,31100000.000,34500000.000,37600000.000,36900000.000,41500000.000,31400000.000,40000000.000
ShareBasedCompensationArrangementByShareBasedPaymentAwardEquityInstrumentsOtherThanOptionsGrantsInPeriod,1400000.000,200000.000,,,,,,,
ShareBasedCompensationArrangementByShareBasedPaymentAwardEquityInstrumentsOtherThanOptionsGrantsInPeriodWeightedAverageGrantDateFairValue,53.640,45.720,,,,,,,
StockRepurchaseProgramAuthorizedAmount,,,,,5000000000.000,,,,
StockRepurchaseProgramRemainingAuthorizedRepurchaseAmount,,,,,700300000.000,,,,
TechnologyServicesCosts,47400000.000,53200000.000,52800000.000,58600000.000,57700000.000,54500000.000,56300000.000,55500000.000,49200000.000
TechnologyServicesRevenue,48300000.000,56500000.000,50900000.000,58100000.000,54000000.000,53600000.000,59200000.000,57000000.000,53300000.000
TreasuryStockSharesAcquired,3400000.000,5400000.000,6300000.000,4100000.000,3500000.000,4800000.000,14300000.000,100000.000,0.000
TreasuryStockValueAcquiredCostMethod,,225000000.000,225000000.000,,,,,,
WeightedAverageNumberDilutedSharesOutstandingAdjustment,4300000.000,3000000.000,2300000.000,-6700000.000,3400000.000,2800000.000,2900000.000,-6100000.000,3000000.000
WeightedAverageNumberOfDilutedSharesOutstanding,180600000.000,176000000.000,169500000.000,-353300000.000,163800000.000,160300000.000,152600000.000,-321000000.000,145200000.000
WeightedAverageNumberOfSharesOutstandingBasic,176300000.000,173000000.000,167200000.000,-346600000.000,160400000.000,157500000.000,149700000.000,-314900000.000,142200000.000
