,2011-06-30,2011-09-30,2012-03-31,2012-06-30,2012-09-30,2012-12-31,2013-03-31,2013-06-30,2013-09-30,2013-12-31,2014-03-31,2014-06-30,2014-09-30,2014-12-31,2015-03-31,2015-06-30,2015-09-30,2015-12-31,2016-03-31,2016-06-30,2016-09-30,2016-12-31,2017-03-31
AdjustmentsToAdditionalPaidInCapitalSharebasedCompensationRequisiteServicePeriodRecognitionValue,,,,,,,688000.000,,,,1758000.000,,,,1598000.000,,,,1992000.000,,,,1020000.000
AdjustmentsToAdditionalPaidInCapitalTaxEffectFromShareBasedCompensation,,,,,,,,,,,,,,,,,,,,,,,12732000.000
AmortizationOfFinancingCosts,,,,100000.000,100000.000,,100000.000,100000.000,100000.000,200000.000,100000.000,100000.000,100000.000,200000.000,100000.000,100000.000,100000.000,200000.000,100000.000,100000.000,200000.000,100000.000,100000.000
AmortizationOfIntangibleAssets,,,,1000000.000,1100000.000,,1500000.000,1400000.000,1500000.000,1600000.000,1500000.000,1600000.000,1500000.000,1500000.000,2400000.000,2800000.000,2800000.000,2900000.000,2600000.000,2700000.000,2700000.000,3200000.000,3300000.000
AmortizationOfLeasedAsset,,,,100000.000,100000.000,,100000.000,100000.000,100000.000,100000.000,100000.000,100000.000,100000.000,100000.000,100000.000,100000.000,100000.000,0.000,100000.000,100000.000,100000.000,0.000,100000.000
AntidilutiveSecuritiesExcludedFromComputationOfEarningsPerShareAmount,,,1119735.000,932104.000,881254.000,-2158215.000,473442.000,697878.000,0.000,-1171320.000,42463.000,22350.000,22050.000,-86863.000,0.000,0.000,14000.000,30350.000,51275.000,13500.000,13500.000,-78275.000,0.000
AssetImpairmentCharges,,,539000.000,,,,,,,,,,,,,,,,,,,,
CashAndCashEquivalentsPeriodIncreaseDecrease,,,13789000.000,,,,11551000.000,,,,24574000.000,,,,-37517000.000,,,,24617000.000,,,,-41656000.000
ComprehensiveIncomeNetOfTax,,,5586000.000,-4445000.000,,,-1274000.000,27781000.000,24955000.000,32657000.000,14422000.000,9635000.000,-3196000.000,-21622000.000,-13867000.000,22249000.000,10645000.000,3929000.000,25895000.000,-311000.000,17507000.000,1388000.000,31086000.000
CostMethodInvestmentsRealizedGainLoss,,,-522000.000,,,,,0.000,0.000,,,,,,,,,,,,,,
CostOfGoodsSold,95495000.000,97689000.000,84932000.000,89799000.000,87288000.000,77996000.000,84690000.000,88023000.000,91634000.000,85435000.000,92721000.000,96357000.000,98504000.000,89390000.000,102696000.000,102509000.000,100836000.000,100040000.000,100058000.000,97290000.000,103330000.000,106151000.000,123478000.000
DebtInstrumentBasisSpreadOnVariableRate1,,,,,,,,,,,0.020,,,,0.018,,,,,,,,
DeferredIncomeTaxExpenseBenefit,,,-2134000.000,,,,281000.000,,,,15000.000,,,,1276000.000,,,,1013000.000,,,,3516000.000
DefinedBenefitPlanContributionsByEmployer,,,10000000.000,6000000.000,6300000.000,-20600000.000,,,0.000,,800000.000,0.000,,,0.000,,,,,,,,
DefinedBenefitPlanRecognizedNetGainLossDueToSettlements,,,2300000.000,,,,,,,,,,,,,,,,,,,,
DepreciationAndAmortization,,,6509000.000,,,,6571000.000,,,,6469000.000,,,,7973000.000,,,,8973000.000,,,,10547000.000
DisposalGroupIncludingDiscontinuedOperationRevenue,,,100000.000,100000.000,0.000,-100000.000,200000.000,,,,,,,,,,,,,,,,
EarningsPerShareBasic,0.760,0.890,-0.110,0.400,3.580,0.310,0.420,0.330,0.790,0.660,0.810,0.600,1.120,0.380,0.740,0.730,0.680,0.370,0.830,0.300,0.890,0.660,1.500
EarningsPerShareDiluted,0.730,0.850,-0.110,0.380,3.460,0.310,0.400,0.320,0.760,0.650,0.790,0.580,1.090,0.370,0.720,0.710,0.670,0.380,0.820,0.290,0.880,0.660,1.470
EffectOfExchangeRateOnCashAndCashEquivalents,,,-1366000.000,,,,-814000.000,,,,2641000.000,,,,-9474000.000,,,,6181000.000,,,,1019000.000
EffectiveIncomeTaxRateContinuingOperations,,,0.630,0.325,-4.466,,0.292,0.290,0.314,,0.289,0.339,0.286,,0.315,0.290,0.435,-0.740,0.352,0.710,0.328,-0.977,0.323
EffectiveIncomeTaxRateReconciliationAtFederalStatutoryIncomeTaxRate,,,0.350,0.350,0.350,,0.350,0.350,0.350,,0.350,0.350,0.350,,0.350,0.350,0.350,,,,,,
EmployeeServiceShareBasedCompensationCashReceivedFromExerciseOfStockOptions,,,100000.000,,,,3400000.000,,,,10500000.000,,,,5300000.000,,,,,,,,800000.000
EquityMethodInvestmentDividendsOrDistributions,,,2929000.000,,,,1988000.000,,,,905000.000,,,,780000.000,,,,0.000,,,,616000.000
EquityMethodInvestmentSummarizedFinancialInformationGrossProfitLoss,,,1825000.000,2608000.000,4437000.000,2642000.000,1104000.000,1488000.000,4989000.000,7633000.000,3652000.000,3921000.000,3361000.000,3343000.000,3445000.000,1865000.000,3201000.000,3482000.000,3099000.000,3435000.000,4119000.000,6176000.000,4311000.000
EquityMethodInvestmentSummarizedFinancialInformationNetIncomeLoss,,,1313000.000,2610000.000,3546000.000,2017000.000,1058000.000,1524000.000,3508000.000,2562000.000,1955000.000,2124000.000,1905000.000,2262000.000,1839000.000,784000.000,1754000.000,1376000.000,1226000.000,1416000.000,1796000.000,3854000.000,2018000.000
EquityMethodInvestmentSummarizedFinancialInformationRevenue,,,12805000.000,15880000.000,20004000.000,14608000.000,10664000.000,12623000.000,16431000.000,13264000.000,11332000.000,12751000.000,11992000.000,12184000.000,10978000.000,9708000.000,12227000.000,10525000.000,9237000.000,11210000.000,12773000.000,14101000.000,11185000.000
FiniteLivedIntangibleAssetsAmortizationExpense,,,1200000.000,,,,,,,,,,,,,,,,,,,,
FutureAmortizationExpenseRemainderOfFiscalYear,,,3200000.000,,,,,,,,,,,,,,,,,,,,
FutureAmortizationExpenseYearFive,,,5300000.000,,,,,,,,,,,,,,,,,,,,
FutureAmortizationExpenseYearFour,,,5700000.000,,,,,,,,,,,,,,,,,,,,
FutureAmortizationExpenseYearThree,,,5900000.000,,,,,,,,,,,,,,,,,,,,
FutureAmortizationExpenseYearTwo,,,5900000.000,,,,,,,,,,,,,,,,,,,,
GainLossOnDispositionOfAssets1,,,,,,,,,,,,,,,,,,,,,,,942000.000
GainLossOnInvestments,,,-3245000.000,,,,,,,,,,,,,,,,,,,,
GainLossOnSaleOfPropertyPlantEquipment,,,,,,,74000.000,,,,21000.000,,,,0.000,,,,,,,,947000.000
GoodwillAcquiredDuringPeriod,,,,,,,,,,,,,,,85379000.000,,,,,,,,17793000.000
GoodwillForeignCurrencyTranslationGainLoss,,,,,,,,,,,,,,,,,,,3423000.000,,,,1889000.000
GoodwillPurchaseAccountingAdjustments,,,,,,,,,,,,,,,,,,,,,,,116000.000
GoodwillTranslationAdjustments,,,2181000.000,,,,-2996000.000,,,,-113000.000,,,,-8597000.000,,,,,,,,
GrossProfit,48190000.000,49919000.000,36441000.000,36872000.000,42960000.000,42473000.000,41289000.000,44429000.000,51186000.000,50796000.000,53919000.000,57138000.000,64548000.000,58334000.000,62355000.000,60589000.000,59530000.000,52888000.000,60508000.000,60199000.000,61929000.000,66849000.000,80350000.000
IncomeLossFromContinuingOperations,,,-1700000.000,6455000.000,58976000.000,5403000.000,6976000.000,5583000.000,13572000.000,11528000.000,14580000.000,10902000.000,20388000.000,7013000.000,,,,,,,,,
IncomeLossFromContinuingOperationsBeforeIncomeTaxesExtraordinaryItemsNoncontrollingInterest,15545000.000,16935000.000,-4602000.000,9570000.000,10789000.000,6893000.000,9849000.000,7862000.000,19781000.000,11393000.000,20495000.000,16485000.000,28537000.000,14893000.000,19884000.000,19081000.000,22050000.000,5158000.000,23045000.000,18540000.000,23909000.000,16786000.000,39917000.000
IncomeLossFromContinuingOperationsPerBasicShare,,,-0.100,0.400,3.580,0.330,0.410,0.330,0.790,0.660,0.810,0.600,1.120,0.380,,,,,,,,,
IncomeLossFromContinuingOperationsPerDilutedShare,,,-0.100,0.380,3.460,0.330,0.390,0.320,0.760,0.650,0.790,0.580,1.090,0.370,,,,,,,,,
IncomeLossFromDiscontinuedOperationsNetOfTax,,,-108000.000,,,,120000.000,-18000.000,0.000,0.000,0.000,0.000,0.000,0.000,,,,,,,,,
IncomeLossFromDiscontinuedOperationsNetOfTaxAttributableToReportingEntity,,,-108000.000,100000.000,0.000,-92000.000,100000.000,,,,,,,,,,,,,,,,
IncomeLossFromDiscontinuedOperationsNetOfTaxPerBasicShare,,,-0.010,,,,0.010,0.000,,,,,,,,,,,,,,,
IncomeLossFromDiscontinuedOperationsNetOfTaxPerDilutedShare,,,-0.010,,,,0.010,0.000,,,,,,,,,,,,,,,
IncomeLossFromEquityMethodInvestments,1323000.000,1290000.000,657000.000,1305000.000,1773000.000,1008000.000,529000.000,762000.000,1754000.000,1281000.000,977000.000,1062000.000,953000.000,1131000.000,919000.000,392000.000,877000.000,702000.000,,,,,
IncomeTaxExpenseBenefit,3417000.000,2579000.000,-2902000.000,3115000.000,-48187000.000,1490000.000,2873000.000,2279000.000,6209000.000,-135000.000,5915000.000,5583000.000,8149000.000,7880000.000,6257000.000,5541000.000,9595000.000,-1540000.000,8117000.000,13163000.000,7844000.000,4873000.000,12885000.000
IncomeTaxReconciliationChangeInEnactedTaxRate,,,,,,,,,,,,,,,,1600000.000,,,,,,,
IncomeTaxReconciliationNondeductibleExpenseLifeInsurance,,,,,,,,,,,,,,,,400000.000,1900000.000,,,,,,
IncreaseDecreaseInAccountsPayableAndAccruedLiabilities,,,-2625000.000,,,,2139000.000,,,,2463000.000,,,,4352000.000,,,,8307000.000,,,,-1441000.000
IncreaseDecreaseInAccountsReceivable,,,-356000.000,,,,-1194000.000,,,,8192000.000,,,,5299000.000,,,,6657000.000,,,,12439000.000
IncreaseDecreaseInAccountsReceivableRelatedParties,,,87000.000,,,,233000.000,,,,-412000.000,,,,333000.000,,,,,,,,
IncreaseDecreaseInInventories,,,2452000.000,,,,-2829000.000,,,,-2626000.000,,,,6664000.000,,,,1021000.000,,,,769000.000
IncreaseDecreaseInOtherCurrentAssets,,,2946000.000,,,,-510000.000,,,,377000.000,,,,3431000.000,,,,1621000.000,,,,4063000.000
IncreaseDecreaseInOtherOperatingCapitalNet,,,-619000.000,,,,-950000.000,,,,470000.000,,,,-243000.000,,,,-1651000.000,,,,-742000.000
InterestExpenseDebt,,,800000.000,700000.000,800000.000,600000.000,600000.000,500000.000,500000.000,600000.000,500000.000,500000.000,500000.000,300000.000,800000.000,1100000.000,900000.000,700000.000,900000.000,900000.000,500000.000,800000.000,
InterestExpenseLesseeAssetsUnderCapitalLease,,,,400000.000,300000.000,,100000.000,100000.000,100000.000,200000.000,100000.000,100000.000,100000.000,200000.000,100000.000,100000.000,100000.000,100000.000,100000.000,100000.000,100000.000,0.000,100000.000
InterestIncomeExpenseNonoperatingNet,-1265000.000,-1040000.000,-1190000.000,-1072000.000,-1104000.000,-938000.000,-905000.000,-830000.000,-881000.000,-865000.000,-748000.000,-720000.000,-698000.000,-780000.000,-1006000.000,-1304000.000,-1126000.000,-1044000.000,-1121000.000,-1115000.000,-811000.000,-883000.000,-1248000.000
LineOfCreditFacilityCommitmentFeeAmount,,,100000.000,100000.000,100000.000,100000.000,200000.000,100000.000,100000.000,100000.000,100000.000,100000.000,100000.000,100000.000,,100000.000,100000.000,,100000.000,100000.000,100000.000,100000.000,
LossContingencyAccrualCarryingValuePayments,,,2100000.000,,,,900000.000,,,,0.000,,,,0.000,,,,,,,,
LossContingencyAccrualPayments,,,,,,,,,,,,,,,,,,,500000.000,,,,1000000.000
NetCashProvidedByUsedInFinancingActivities,,,-976000.000,,,,47000.000,,,,6361000.000,,,,123312000.000,,,,-2938000.000,,,,-2501000.000
NetCashProvidedByUsedInFinancingActivitiesContinuingOperations,,,-976000.000,,,,47000.000,,,,6361000.000,,,,123312000.000,,,,-2938000.000,,,,-2501000.000
NetCashProvidedByUsedInInvestingActivities,,,18157000.000,,,,-7632000.000,,,,-2212000.000,,,,-164264000.000,,,,-4813000.000,,,,-63408000.000
NetCashProvidedByUsedInInvestingActivitiesContinuingOperations,,,18157000.000,,,,-7632000.000,,,,-2212000.000,,,,-164264000.000,,,,-4813000.000,,,,-63408000.000
NetCashProvidedByUsedInOperatingActivities,,,-2026000.000,,,,19950000.000,,,,17784000.000,,,,12909000.000,,,,26187000.000,,,,23234000.000
NetCashProvidedByUsedInOperatingActivitiesContinuingOperations,,,-2026000.000,,,,19224000.000,,,,17784000.000,,,,12909000.000,,,,26187000.000,,,,23234000.000
NetIncomeLoss,12128000.000,14356000.000,-1808000.000,6455000.000,58976000.000,5062000.000,7096000.000,5565000.000,13572000.000,11528000.000,14580000.000,10902000.000,20388000.000,7013000.000,13627000.000,13540000.000,12455000.000,6698000.000,14928000.000,5377000.000,16065000.000,11913000.000,27032000.000
OciBeforeReclassificationsNetOfTaxAttributableToParent,,,,,,,,,,,,,,,,,,,,,,,4024000.000
OperatingIncomeLoss,15178000.000,16618000.000,-684000.000,9076000.000,10101000.000,7171000.000,10814000.000,8107000.000,19009000.000,11350000.000,21457000.000,16219000.000,28389000.000,14362000.000,20100000.000,20510000.000,23055000.000,12590000.000,24099000.000,18756000.000,23146000.000,17851000.000,39441000.000
OtherAssetImpairmentCharges,,,539000.000,,,,,,,,,,,,,,,,,,,,
OtherComprehensiveIncomeAvailableForSaleSecuritiesAdjustmentNetOfTaxPeriodIncreaseDecrease,,,1168000.000,,,,,,,,,,,,,,,,,,,,
OtherComprehensiveIncomeDefinedBenefitPlanNetPriorServiceCostCreditArisingDuringPeriodBeforeTax,,,,,,,,,,,0.000,0.000,0.000,0.000,,,,,,,,,
OtherComprehensiveIncomeDefinedBenefitPlansAdjustmentNetOfTaxPortionAttributableToParent,,,,,-2023000.000,,,,,,,,,,,,,,,,,,
OtherComprehensiveIncomeDefinedBenefitPlansNetUnamortizedGainLossArisingDuringPeriodNetOfTax,,,,,,,,,,,,0.000,0.000,,,,,,,,,,
OtherComprehensiveIncomeDerivativesQualifyingAsHedgesNetOfTaxPeriodIncreaseDecrease,,,255000.000,,,,,,,,,,,,,,,,,,,,
OtherComprehensiveIncomeForeignCurrencyTransactionAndTranslationAdjustmentNetOfTaxPeriodIncreaseDecrease,,,5971000.000,,,,,,,,,,,,,,,,,,,,
OtherComprehensiveIncomeLossBeforeReclassificationsNetOfTax,,,,,,,,,,,-507000.000,,,,-27856000.000,,,,10930000.000,,,,
OtherComprehensiveIncomeLossDerivativesQualifyingAsHedgesNetOfTax,,,,-43000.000,,,,,,,,,,,,,,,,,,,
OtherComprehensiveIncomeLossForeignCurrencyTransactionAndTranslationAdjustmentNetOfTax,,,,-10857000.000,5416000.000,,-9398000.000,3192000.000,11083000.000,5294000.000,-327000.000,-1403000.000,-23692000.000,-11527000.000,-27980000.000,8731000.000,-2067000.000,-5856000.000,10926000.000,-5729000.000,1408000.000,-11686000.000,4138000.000
OtherComprehensiveIncomeLossNetOfTax,,,,,,,,,,,-158000.000,,,,-27494000.000,,,,,,,,
OtherComprehensiveIncomeLossNetOfTaxPortionAttributableToParent,,,,,,,-8370000.000,22216000.000,11383000.000,21129000.000,-158000.000,-1267000.000,-23584000.000,-28635000.000,-27494000.000,8709000.000,-1810000.000,-2769000.000,10967000.000,-5688000.000,1442000.000,-10525000.000,4054000.000
OtherComprehensiveIncomeLossPensionAndOtherPostretirementBenefitPlansNetUnamortizedGainLossArisingDuringPeriodBeforeTax,,,,,,,,,,,0.000,,,,,,,,,,,,
OtherComprehensiveIncomeLossReclassificationAdjustmentFromAOCIOnDerivativesNetOfTax,,,,,,,,,,,-210000.000,1000.000,77000.000,,0.000,124000.000,1000.000,,-2000.000,-5000.000,0.000,,0.000
OtherComprehensiveIncomeLossReclassificationAdjustmentFromAOCIPensionAndOtherPostretirementBenefitPlansForNetGainLossNetOfTax,,,,,,,,,,,-139000.000,-124000.000,-132000.000,-3509000.000,-268000.000,-262000.000,-277000.000,-159000.000,-35000.000,-36000.000,-34000.000,-55000.000,-30000.000
OtherComprehensiveIncomeLossTax,,,5586000.000,-4445000.000,66119000.000,,,,,,,,,,,,,,,,,,
OtherComprehensiveIncomeReclassificationOfDefinedBenefitPlansNetGainLossRecognizedInNetPeriodicBenefitCostNetOfTax,,,,,,,,17225000.000,0.000,,,,,,,,,,,,,,
OtherComprehensiveIncomeUnrealizedGainLossOnDerivativesArisingDuringPeriodNetOfTax,,,,,-296000.000,,-9000.000,82000.000,-54000.000,-229000.000,-180000.000,13000.000,53000.000,21000.000,218000.000,-160000.000,-19000.000,-41000.000,4000.000,,,,-114000.000
OtherComprehensiveIncomeUnrealizedGainLossOnDerivativesArisingDuringPeriodTax,,,,,0.000,,,,,,,,,,,,,,,,,,
OtherComprehensiveIncomeUnrealizedHoldingGainLossOnSecuritiesArisingDuringPeriodNetOfTax,,,,,0.000,,,,,,,,,,,,,,,,,,
OtherComprehensiveIncomeUnrealizedHoldingGainLossOnSecuritiesArisingDuringPeriodTax,,,,,0.000,,,,,,,,,,,,,,,,,,
OtherNonoperatingIncome,280000.000,,,,,,,,,,,,,,,,,,,,,,
OtherNonoperatingIncomeExpense,,302000.000,-140000.000,261000.000,19000.000,-348000.000,-589000.000,-177000.000,-101000.000,-373000.000,-1191000.000,-76000.000,-107000.000,180000.000,-129000.000,-517000.000,-756000.000,-7090000.000,-546000.000,191000.000,676000.000,-2109000.000,715000.000
OtherThanTemporaryImpairmentLossesInvestmentsPortionInOtherComprehensiveIncomeLossBeforeTaxIncludingPortionAttributableToNoncontrollingInterest,573000.000,-407000.000,2723000.000,,,,,0.000,0.000,,,,,,,,,,,,,,
OtherThanTemporaryImpairmentLossesInvestmentsPortionRecognizedInEarningsNet,-29000.000,235000.000,3245000.000,,,,,0.000,,,,,,,,,,,,,,,
PaymentsForProceedsFromOtherInvestingActivities,,,3100000.000,,,,,,,,,,,,,,,,,,,,
PaymentsForRepurchaseOfCommonStock,,,,,,,,,,,,,,,,,,,1997000.000,,,,
PaymentsForRestructuring,,,,,,,,,,,549000.000,,,,,,,,,,,,
PaymentsOfDebtIssuanceCosts,,,,,,,,,,,,,,,,,,,,,,,1029000.000
PaymentsToAcquireBusinessesNetOfCashAcquired,,,,,,,,,,,,,,,155778000.000,,,,0.000,,,,60191000.000
PaymentsToAcquirePropertyPlantAndEquipment,,,4181000.000,,,,7706000.000,,,,2233000.000,,,,8486000.000,,,,4813000.000,,,,5270000.000
PensionAndOtherPostretirementBenefitExpense,,,4936000.000,,,,2434000.000,,,,,,,,,,,,,,,,
PensionContributions,,,10000000.000,,,,6500000.000,,,,765000.000,,,,0.000,,,,63000.000,,,,70000.000
ProceedsFromInsuranceSettlementInvestingActivities,,,,,,,,,,,,,,,,,,,,,,,450000.000
ProceedsFromInsuranceSettlementOperatingActivities,,,,,,,,,,,,,,,,,,,,,,,480000.000
ProceedsFromIssuanceOfCommonStock,,,112000.000,,,,3420000.000,,,,10539000.000,,,,5290000.000,,,,564000.000,,,,765000.000
ProceedsFromIssuanceOfLongTermDebt,,,,,,,,,,,,,,,125000000.000,,,,,,,,
ProceedsFromIssuanceOfSharesUnderIncentiveAndShareBasedCompensationPlans,,,,,,,,,,,,,,,,,,,,,,,-2572000.000
ProceedsFromPaymentsForOtherFinancingActivities,,,,,,,-1005000.000,,,,-687000.000,,,,-2258000.000,,,,-1175000.000,,,,
ProceedsFromSaleAndMaturityOfAvailableForSaleSecurities,,,25438000.000,,,,,,,,,,,,,,,,,,,,
ProceedsFromSaleOfPropertyPlantAndEquipment,,,,,,,74000.000,,,,21000.000,,,,0.000,,,,,,,,1603000.000
ProceedsFromStockPlans,,,412000.000,,,,390000.000,,,,335000.000,,,,345000.000,,,,427000.000,,,,422000.000
ProvisionForDoubtfulAccounts,,,,,,,,,,,,,,,,,,,,,,,384000.000
RealizedInvestmentGainsLosses,,,,,,,,,0.000,,,,,,,,,,,,,,
ReclassificationFromAccumulatedOtherComprehensiveIncomeCurrentPeriodNetOfTax,,,,,,,,,,,-349000.000,,,,-362000.000,,,,-37000.000,,,,
ReclassificationFromAociCurrentPeriodNetOfTaxAttributableToParent,,,,,,,,,,,,,,,,,,,,,,,-30000.000
RepaymentsOfDebt,,,1500000.000,,,,2758000.000,,,,3826000.000,,,,5065000.000,,,,757000.000,,,,87000.000
RepaymentsOfLinesOfCredit,,,,,,,8000000.000,,,,,,,,,,,,,,,,
ResearchAndDevelopmentExpense,6175000.000,5441000.000,5348000.000,4498000.000,4838000.000,4627000.000,5269000.000,6250000.000,5364000.000,4763000.000,4863000.000,6420000.000,5977000.000,5618000.000,6108000.000,7053000.000,7285000.000,7198000.000,6549000.000,7074000.000,7294000.000,7665000.000,6961000.000
RestructuringCharges,,,4545000.000,,,,,,,,,,,,,,,,,,200000.000,,
RestructuringCostsAndAssetImpairmentCharges,,,7384000.000,830000.000,1766000.000,4102000.000,,4525000.000,1231000.000,,,,,,,,,,,,,,725000.000
RestructuringReserveAccrualAdjustment,,,,700000.000,,,,,,,,,,,,,,,,,,,
RestructuringReservePeriodIncreaseDecrease,,,,,,,0.000,,,,,,,,,,,,,,,,
RestructuringReserveSettledWithCash,,,,,,,1736000.000,,,,,,,,,,,,,,,,
RestructuringSettlementAndImpairmentProvisions,,,7384000.000,1136000.000,409000.000,-7082000.000,,368000.000,0.000,,,,,,,,,,,,,,
Revenues,143685000.000,147608000.000,121373000.000,126671000.000,130248000.000,120469000.000,125979000.000,132452000.000,142820000.000,136231000.000,146640000.000,153495000.000,163052000.000,147724000.000,165051000.000,163098000.000,160366000.000,152928000.000,160566000.000,157489000.000,165259000.000,173000000.000,203828000.000
SalesRevenueNet,143685000.000,147608000.000,121373000.000,126671000.000,130248000.000,120469000.000,125979000.000,132452000.000,142820000.000,136231000.000,146640000.000,153495000.000,163052000.000,147724000.000,165051000.000,163098000.000,160366000.000,152928000.000,160566000.000,157489000.000,165259000.000,173000000.000,203828000.000
SellingGeneralAndAdministrativeExpense,26837000.000,27860000.000,24393000.000,22468000.000,26255000.000,26573000.000,25206000.000,25547000.000,25582000.000,30063000.000,27599000.000,34499000.000,30182000.000,32964000.000,36147000.000,33026000.000,29190000.000,33100000.000,29860000.000,34369000.000,31489000.000,40599000.000,34165000.000
ShareBasedCompensation,,,1442000.000,,,,688000.000,,,,1758000.000,,,,1598000.000,,,,1992000.000,,,,1020000.000
ShareBasedCompensationArrangementByShareBasedPaymentAwardFairValueAssumptionsExpectedDividendRate,,,,,0.000,,0.000,0.000,,,,,,,,,,,,,,,
ShareBasedCompensationArrangementByShareBasedPaymentAwardFairValueAssumptionsExpectedVolatilityRate,,,0.477,,0.000,,,,,,,,,,,,,,,,,,
ShareBasedCompensationArrangementByShareBasedPaymentAwardFairValueAssumptionsRiskFreeInterestRate,,,0.014,,0.000,,,,,,,,,,,,,,,,,,
ShareBasedCompensationArrangementByShareBasedPaymentAwardOptionsExercisesInPeriodTotalIntrinsicValue,,,,,,,1600000.000,,,,4200000.000,,,,5700000.000,,,,,,,,
ShareBasedCompensationArrangementByShareBasedPaymentAwardOptionsForfeituresInPeriod,,,3800.000,28999.000,32950.000,2800.000,117.000,10717.000,13617.000,1017.000,750.000,20150.000,2099.000,0.000,850.000,600.000,0.000,1100.000,0.000,350.000,0.000,0.000,0.000
ShareBasedCompensationArrangementByShareBasedPaymentAwardOptionsGrantsInPeriod,,,46950.000,,0.000,,,0.000,0.000,,0.000,0.000,0.000,0.000,0.000,,,,,,,,
ShareBasedCompensationArrangementByShareBasedPaymentAwardOptionsGrantsInPeriodWeightedAverageGrantDateFairValue,,,19.080,,0.000,,,,,,,,,,,,,,,,,,
ShareBasedCompensationArrangementsByShareBasedPaymentAwardOptionsExercisesInPeriodWeightedAverageExercisePrice,,,,29.740,40.340,,32.190,29.800,38.940,-63.110,45.450,48.100,34.370,-83.320,39.930,46.090,40.700,-85.820,41.250,35.600,0.000,-33.290,34.300
ShareBasedCompensationArrangementsByShareBasedPaymentAwardOptionsForfeituresInPeriodWeightedAverageExercisePrice,,,,46.780,54.450,,24.200,36.170,42.430,-63.760,40.700,59.850,36.260,-79.740,43.000,34.830,0.000,-37.740,0.000,44.320,0.000,0.000,0.000
ShareBasedCompensationArrangementsByShareBasedPaymentAwardOptionsGrantsInPeriodWeightedAverageExercisePrice,,,,,0.000,,,0.000,0.000,,0.000,0.000,0.000,0.000,0.000,,,,,,,,
StockIssuedDuringPeriodSharesStockOptionsExercised,,,3960.000,112531.000,168310.000,329462.000,95183.000,156057.000,461081.000,135019.000,235883.000,79744.000,42689.000,118477.000,141097.000,26562.000,600.000,10500.000,13672.000,41959.000,0.000,39482.000,22300.000
StockIssuedDuringPeriodValueEmployeeStockPurchasePlan,,,,,,,390000.000,,,,335000.000,,,,345000.000,,,,427000.000,,,,422000.000
StockIssuedDuringPeriodValueNewIssues,,,,,,,,,,,,,,,,,,,0.000,,,,
StockIssuedDuringPeriodValueRestrictedStockAwardNetOfForfeitures,,,,,,,-1005000.000,,,,-687000.000,,,,-2258000.000,,,,-1175000.000,,,,-2572000.000
StockIssuedDuringPeriodValueStockOptionsExercised,,,,,,,3420000.000,,,,10539000.000,,,,5290000.000,,,,564000.000,,,,765000.000
StockRepurchasedDuringPeriodShares,,,,,,,,,,,,,,,,,678300000.000,,37967000.000,31674000.000,70857000.000,0.000,0.000
StockRepurchasedDuringPeriodValue,,,,,,,,,,,,,,,,,37457000.000,,1997000.000,1999000.000,3997000.000,2000.000,
TaxAdjustmentsSettlementsAndUnusualProvisions,,,,,,,,,,,,,,,,,,,,,-800000.000,,
UnrealizedGainLossOnInvestments,602000.000,-642000.000,,,,,,,,,,,,,,,,,,,,,
ValuationAllowanceDeferredTaxAssetChangeInAmount,,,,,-50000000.000,,,,,,,,,,,,,,,,,,
WeightedAverageNumberDilutedSharesOutstandingAdjustment,,,,555000.000,539000.000,,601000.000,491000.000,618000.000,-1139765.000,598000.000,531000.000,475000.000,-1083400.000,474000.000,429000.000,220000.000,-814000.000,248000.000,246000.000,187000.000,-449000.000,317000.000
WeightedAverageNumberOfDilutedSharesOutstanding,16678377.000,16934423.000,16232856.000,16864166.000,17024137.000,-33130001.000,17673399.000,17599481.000,17863035.000,-35367840.000,18549458.000,18688538.000,18733777.000,-37273995.000,18949594.000,19056000.000,18650000.000,-37975594.000,18214000.000,18253000.000,18183000.000,-36427000.000,18373000.000
WeightedAverageNumberOfSharesOutstandingBasic,15944483.000,16106054.000,16232856.000,16309053.000,16484957.000,-32600657.000,17072459.000,17107727.000,17244831.000,-34227177.000,17950843.000,18158244.000,18258709.000,-36190618.000,18475507.000,18627000.000,18430000.000,-37161507.000,17966000.000,18007000.000,17996000.000,-35978000.000,18056000.000
