,2011-06-30,2011-09-30,2012-03-31,2012-06-30,2012-09-30,2012-12-31,2013-03-31,2013-06-30,2013-09-30,2013-12-31,2014-03-31,2014-06-30,2014-09-30,2014-12-31,2015-03-31,2015-06-30,2015-09-30,2015-12-31,2016-03-31,2016-06-30,2016-09-30,2016-12-31,2017-03-31
AllocatedShareBasedCompensationExpense,,,-739000.000,,,,-637000.000,,,,,,,,,,,,,,,,
AmortizationOfIntangibleAssets,129000.000,130000.000,1412000.000,1330000.000,1305000.000,1759000.000,1775000.000,1758000.000,1700000.000,1511000.000,1395000.000,1427000.000,1415000.000,1158000.000,1083000.000,1040000.000,990000.000,960000.000,956000.000,990000.000,1019000.000,1013000.000,1241000.000
AntidilutiveSecuritiesExcludedFromComputationOfEarningsPerShareAmount,,,,1054067.000,1023733.000,,60067.000,0.000,60100.000,-89000.000,114850.000,227094.000,343656.000,-364751.000,384760.000,327697.000,735248.000,-566192.000,692014.000,673882.000,493119.000,-1730815.000,263596.000
AssetImpairmentCharges,,,1131000.000,,,,,,,,400000.000,,,,0.000,,,,256000.000,,,,50000.000
BusinessAcquisitionProFormaIncomeLossFromContinuingOperationsBeforeChangesInAccountingAndExtraordinaryItemsNetOfTaxPerShareBasic,,,,0.230,0.450,,0.300,,,,,,,,,,,,,,,,
BusinessAcquisitionProFormaIncomeLossFromContinuingOperationsBeforeChangesInAccountingAndExtraordinaryItemsNetOfTaxPerShareDiluted,,,,0.230,0.450,,0.290,,,,,,,,,,,,,,,,
BusinessAcquisitionsProFormaIncomeLossFromContinuingOperationsBeforeChangesInAccountingAndExtraordinaryItemsNetOfTax,,,,7353000.000,14527000.000,,9517000.000,,,,,,,,,,,,,,,,
BusinessAcquisitionsProFormaRevenue,,,,216113000.000,218809000.000,,241526000.000,,,,,,,,,,,,,,,,
CashAndCashEquivalentsPeriodIncreaseDecrease,,,1877000.000,,,,-11137000.000,,,,-7390000.000,,,,5099000.000,,,,-4134000.000,,,,-647000.000
CashFlowHedgeGainLossToBeReclassifiedWithinTwelveMonths,,,,,,,-200000.000,,,,100000.000,,,,800000.000,,,,-800000.000,,,,-600000.000
CommonStockDividendsPerShareCashPaid,,,,0.045,0.060,,0.070,0.070,0.070,,0.070,0.090,0.090,,0.090,0.110,0.110,,0.110,0.110,0.110,,0.110
CommonStockDividendsPerShareDeclared,0.045,0.045,0.045,,,,0.070,,,,0.070,,,,0.090,,,,0.110,,,,0.110
ComprehensiveIncomeNetOfTax,,,10073000.000,-8002000.000,10926000.000,-7708000.000,6937000.000,-10165000.000,9992000.000,27242000.000,15506000.000,9718000.000,-6872000.000,-41380000.000,-22923000.000,7695000.000,-69854000.000,-5577000.000,22604000.000,17357000.000,13241000.000,-3251000.000,10659000.000
CostOfGoodsSold,167125000.000,164771000.000,176057000.000,176600000.000,173814000.000,186189000.000,197488000.000,198581000.000,198433000.000,190173000.000,190694000.000,192084000.000,198121000.000,197214000.000,189431000.000,183754000.000,182442000.000,169832000.000,163053000.000,169830000.000,166622000.000,169121000.000,181848000.000
CostmethodInvestmentsOtherThanTemporaryImpairment,,,,,,,,,,,,0.000,0.000,,,,,,,,,,
CostsAndExpenses,191875000.000,191321000.000,207798000.000,208722000.000,202560000.000,219723000.000,229069000.000,229302000.000,229600000.000,220219000.000,222032000.000,220913000.000,228227000.000,228541000.000,219630000.000,219872000.000,257260000.000,202509000.000,197606000.000,204130000.000,198711000.000,202592000.000,218191000.000
DeferredIncomeTaxExpenseBenefit,,,-1150000.000,,,,,,,,,,,,,,,,,,,,
Depreciation,,,11809000.000,,,,9478000.000,,,,8751000.000,,,,8129000.000,,,,6952000.000,,,,7721000.000
DiscontinuedOperationAmountOfAdjustmentToPriorPeriodGainLossOnDisposalNetOfTax,,,,,-7100000.000,,,,,,,,,,,,,,,,,,
DividendsCommonStockCash,,,1445000.000,,,,2263000.000,,,,2261000.000,,,,2939000.000,,,,3606000.000,,,,3635000.000
EarningsPerShareBasic,0.180,0.400,0.090,0.230,0.230,0.330,0.140,0.040,0.220,0.280,0.260,0.120,0.360,0.400,0.300,0.020,-1.130,-0.180,0.220,0.100,0.370,0.060,0.110
EarningsPerShareDiluted,0.180,0.400,0.090,0.230,0.230,0.330,0.130,0.040,0.210,0.290,0.260,0.110,0.360,0.400,0.300,0.020,-1.130,-0.180,0.220,0.100,0.370,0.060,0.110
EffectOfExchangeRateOnCashAndCashEquivalents,,,947000.000,,,,140000.000,,,,121000.000,,,,-2808000.000,,,,1621000.000,,,,399000.000
EffectiveIncomeTaxRateContinuingOperations,,,,,,,0.283,,,,0.352,,,,0.326,,,,0.306,,,,0.395
EffectiveIncomeTaxRateReconciliationAtFederalStatutoryIncomeTaxRate,,,,,,,0.350,,,,0.350,,,,0.350,,,,0.350,,,,0.350
EffectiveIncomeTaxRateReconciliationDeductionsQualifiedProductionActivities,,,,,,,-0.014,,,,-0.016,,,,-0.025,,,,-0.027,,,,-0.028
EffectiveIncomeTaxRateReconciliationForeignIncomeTaxRateDifferential,,,,,,,-0.022,,,,-0.011,,,,-0.014,,,,-0.009,,,,0.059
EffectiveIncomeTaxRateReconciliationNondeductibleExpense,,,,,,,0.006,,,,0.002,,,,0.007,,,,0.010,,,,0.019
EffectiveIncomeTaxRateReconciliationOtherAdjustments,,,,,,,-0.004,,,,-0.001,,,,0.000,,,,,,,,
EffectiveIncomeTaxRateReconciliationPriorYearIncomeTaxes,,,,,,,,,,,0.002,,,,-0.002,,,,-0.002,,,,0.019
EffectiveIncomeTaxRateReconciliationStateAndLocalIncomeTaxes,,,,,,,0.018,,,,0.021,,,,0.012,,,,0.006,,,,0.042
EffectiveIncomeTaxRateReconciliationTaxContingencies,,,,,,,,,,,0.015,,,,0.008,,,,0.009,,,,0.012
EffectiveIncomeTaxRateReconciliationTaxCreditsForeign,,,,,,,-0.050,,,,-0.020,,,,0.000,,,,,,,,
EffectiveIncomeTaxRateReconciliationTaxCreditsResearch,,,,,,,-0.027,,,,0.000,,,,,,,,-0.009,,,,-0.024
EffectiveIncomeTaxRateReconciliationTaxSettlements,,,,,,,0.006,,,,,,,,,,,,,,,,
EmployeeServiceShareBasedCompensationTaxBenefitRealizedFromExerciseOfStockOptions,,,83000.000,,,,-132000.000,,,,,,,,,,,,,,,,
GainLossOnDispositionOfAssets1,,,,,,,,,,,,,,,,,,,,,,,164000.000
GainLossOnInvestments,,,,2700000.000,,,,,,,,,,,,,,,,,,,
GoodwillImpairmentLoss,,,,,,,,,,,,,,,,,44465000.000,,,,0.000,,
IncomeLossFromContinuingOperations,6048000.000,12736000.000,7798000.000,7353000.000,14527000.000,13507000.000,9517000.000,9590000.000,7428000.000,9402000.000,8479000.000,3752000.000,10745000.000,13053000.000,,,-36723000.000,,,,,,
IncomeLossFromContinuingOperationsBeforeIncomeTaxesExtraordinaryItemsNoncontrollingInterest,,,11965000.000,10041000.000,19188000.000,20310000.000,13281000.000,15074000.000,10365000.000,14212000.000,13087000.000,5916000.000,16114000.000,10299000.000,14649000.000,1497000.000,-33341000.000,-6012000.000,10497000.000,4725000.000,9379000.000,3082000.000,6121000.000
IncomeLossFromContinuingOperationsBeforeIncomeTaxesMinorityInterestAndIncomeLossFromEquityMethodInvestments,9520000.000,12603000.000,,,,,,,,,,,,,,,,,,,,,
IncomeLossFromContinuingOperationsPerBasicShare,0.190,0.400,0.240,0.230,0.450,0.430,0.300,0.300,0.230,0.290,0.260,0.120,0.330,0.410,,,-1.130,,,,,,
IncomeLossFromContinuingOperationsPerDilutedShare,0.190,0.400,0.240,0.230,0.450,0.420,0.290,0.290,0.230,0.290,0.260,0.110,0.330,0.410,,,-1.130,,,,,,
IncomeLossFromDiscontinuedOperationsNetOfTax,-345000.000,,-4800000.000,,-7100000.000,,-5240000.000,-8300000.000,-450000.000,0.000,0.000,0.000,850000.000,0.000,,,0.000,,,,,,
IncomeLossFromDiscontinuedOperationsNetOfTaxPerBasicShare,-0.010,,-0.150,,-0.220,,-0.160,-0.260,-0.010,-0.010,0.000,0.000,0.030,-0.010,,,0.000,,,,,,
IncomeLossFromDiscontinuedOperationsNetOfTaxPerDilutedShare,-0.010,,-0.150,,-0.220,,-0.160,-0.250,-0.020,0.000,0.000,0.000,0.030,-0.010,,,0.000,,,,,,
IncomeTaxExpenseBenefit,3472000.000,-133000.000,4167000.000,2688000.000,4661000.000,6803000.000,3764000.000,5484000.000,2937000.000,4810000.000,4608000.000,2164000.000,5369000.000,-2754000.000,4779000.000,903000.000,3382000.000,-136000.000,3216000.000,1317000.000,-2669000.000,1353000.000,2418000.000
IncomeTaxHolidayAggregateDollarAmount,,,,,,,700000.000,,,,300000.000,,,,,,,,,,,,
IncomeTaxHolidayIncomeTaxBenefitsPerShare,,,,,,,0.020,,,,0.010,,,,,,,,,,,,
IncreaseDecreaseInAccountsAndOtherReceivables,,,5676000.000,,,,16679000.000,,,,18912000.000,,,,14782000.000,,,,2489000.000,,,,11942000.000
IncreaseDecreaseInAccountsPayableAndAccruedLiabilities,,,5645000.000,,,,6140000.000,,,,4223000.000,,,,4251000.000,,,,-13585000.000,,,,1652000.000
IncreaseDecreaseInIncomeTaxesPayableNetOfIncomeTaxesReceivable,,,,,,,5861000.000,,,,3502000.000,,,,6110000.000,,,,1937000.000,,,,2887000.000
IncreaseDecreaseInIncomeTaxesReceivable,,,-2883000.000,,,,,,,,,,,,,,,,,,,,
IncreaseDecreaseInInventories,,,1436000.000,,,,4486000.000,,,,-304000.000,,,,3334000.000,,,,-1535000.000,,,,-535000.000
IncreaseDecreaseInPrepaidDeferredExpenseAndOtherAssets,,,44000.000,,,,-1173000.000,,,,-1360000.000,,,,1035000.000,,,,824000.000,,,,-305000.000
IncrementalCommonSharesAttributableToShareBasedPaymentArrangements,,,,50000.000,49000.000,,404000.000,448000.000,457000.000,-881472.000,379000.000,329000.000,188000.000,-644254.000,146000.000,137000.000,0.000,-283000.000,0.000,0.000,10000.000,3279.000,37000.000
InterestAndDebtExpense,361000.000,367000.000,1007000.000,1017000.000,708000.000,858000.000,690000.000,715000.000,727000.000,738000.000,630000.000,531000.000,590000.000,962000.000,885000.000,893000.000,901000.000,823000.000,1085000.000,947000.000,886000.000,888000.000,1180000.000
InvestmentIncomeInterest,,,,83000.000,84000.000,,78000.000,91000.000,138000.000,287000.000,195000.000,107000.000,117000.000,169000.000,89000.000,82000.000,76000.000,47000.000,37000.000,51000.000,70000.000,103000.000,74000.000
NetCashProvidedByUsedInFinancingActivities,,,-4320000.000,,,,-10162000.000,,,,-7400000.000,,,,2867000.000,,,,-3056000.000,,,,95060000.000
NetCashProvidedByUsedInFinancingActivitiesContinuingOperations,,,-4320000.000,,,,-10162000.000,,,,-7400000.000,,,,2867000.000,,,,-3056000.000,,,,95060000.000
NetCashProvidedByUsedInInvestingActivities,,,-8811000.000,,,,-9870000.000,,,,-10153000.000,,,,-7313000.000,,,,-7298000.000,,,,-99725000.000
NetCashProvidedByUsedInInvestingActivitiesContinuingOperations,,,-8811000.000,,,,-9870000.000,,,,-10153000.000,,,,-7313000.000,,,,-7298000.000,,,,-99725000.000
NetCashProvidedByUsedInOperatingActivities,,,14061000.000,,,,8755000.000,,,,10042000.000,,,,12353000.000,,,,4599000.000,,,,3619000.000
NetCashProvidedByUsedInOperatingActivitiesContinuingOperations,,,14061000.000,,,,8755000.000,,,,10042000.000,,,,12353000.000,,,,4599000.000,,,,3619000.000
NetIncomeLoss,5703000.000,12736000.000,2998000.000,7353000.000,7427000.000,10473000.000,4277000.000,1290000.000,6978000.000,9402000.000,8479000.000,3752000.000,11595000.000,13053000.000,9870000.000,594000.000,-36723000.000,-5876000.000,7281000.000,3408000.000,12048000.000,1729000.000,3703000.000
OtherComprehensiveIncomeDerivativesQualifyingAsHedgesNetOfTaxPeriodIncreaseDecrease,,,471000.000,-718000.000,,,,,,,,,,,,,,,,,,,
OtherComprehensiveIncomeDerivativesQualifyingAsHedgesTaxEffectPeriodIncreaseDecrease,,,289000.000,441000.000,,,,,,,,,,,,,,,,,,,
OtherComprehensiveIncomeForeignCurrencyTransactionAndTranslationAdjustmentNetOfTaxPeriodIncreaseDecrease,,,4973000.000,-16268000.000,,,,,,,,,,,,,,,,,,,
OtherComprehensiveIncomeForeignCurrencyTransactionAndTranslationGainLossArisingDuringPeriodNetOfTax,,,,,420000.000,,,,,,,,,,,,,,,,,,
OtherComprehensiveIncomeForeignCurrencyTranslationGainLossArisingDuringPeriodTax,,,1033000.000,-1361000.000,546000.000,679000.000,,,,,,,,,,,,,,,,,
OtherComprehensiveIncomeLossBeforeReclassificationsNetOfTax,,,,,,,,,,,5264000.000,,,,-35335000.000,,,,12237000.000,,,,4869000.000
OtherComprehensiveIncomeLossDerivativesQualifyingAsHedgesNetOfTax,,,,,1523000.000,,-518000.000,-22000.000,236000.000,76000.000,192000.000,81000.000,-56000.000,-326000.000,-662000.000,-979000.000,-155000.000,767000.000,262000.000,755000.000,-54000.000,273000.000,374000.000
OtherComprehensiveIncomeLossDerivativesQualifyingAsHedgesTax,,,,,904000.000,,-299000.000,-15000.000,140000.000,41000.000,117000.000,50000.000,-31000.000,-248000.000,-399000.000,-591000.000,-92000.000,532000.000,156000.000,442000.000,-31000.000,160000.000,224000.000
OtherComprehensiveIncomeLossForeignCurrencyTransactionAndTranslationAdjustmentNetOfTax,,,,,420000.000,,865000.000,-13745000.000,337000.000,-6793000.000,5095000.000,4145000.000,-19880000.000,-17425000.000,-34653000.000,5557000.000,-35526000.000,-915000.000,12579000.000,11069000.000,-719000.000,-4092000.000,4632000.000
OtherComprehensiveIncomeLossForeignCurrencyTranslationAdjustmentTax,,,,,,,,,,,,125000.000,-2560000.000,,-1609000.000,225000.000,-122000.000,616000.000,40000.000,-270000.000,-77000.000,-422000.000,57000.000
OtherComprehensiveIncomeLossNetOfTax,,,,,3499000.000,,2660000.000,-11455000.000,3014000.000,17840000.000,7027000.000,5966000.000,-18467000.000,-54433000.000,-32793000.000,7101000.000,-33131000.000,299000.000,15323000.000,13949000.000,1193000.000,-4980000.000,6956000.000
OtherComprehensiveIncomeLossNetOfTaxPeriodIncreaseDecrease,,,7075000.000,-15355000.000,,,,,,,,,,,,,,,,,,,
OtherComprehensiveIncomeLossReclassificationAdjustmentFromAOCIPensionAndOtherPostretirementBenefitPlansNetOfTax,,,,,,,,,,,,1740000.000,1469000.000,,2522000.000,2523000.000,2550000.000,2623000.000,2482000.000,2125000.000,1966000.000,2127000.000,1950000.000
OtherComprehensiveIncomeLossReclassificationAdjustmentFromAOCIPensionAndOtherPostretirementBenefitPlansTax,,,,,,,,,,,,997000.000,842000.000,,1462000.000,1462000.000,1478000.000,1421000.000,855000.000,1211000.000,1120000.000,1212000.000,1111000.000
OtherComprehensiveIncomeReclassificationOfDefinedBenefitPlansNetGainLossRecognizedInNetPeriodicBenefitCostNetOfTax,,,1631000.000,1631000.000,,,,,,,,,,,,,,,,,,,
OtherComprehensiveIncomeReclassificationOfDefinedBenefitPlansNetGainLossRecognizedInNetPeriodicBenefitCostTax,,,-943000.000,-942000.000,,,,,,,,,,,,,,,,,,,
OtherNonoperatingIncomeExpense,429000.000,1334000.000,2565000.000,2650000.000,2939000.000,9965000.000,824000.000,846000.000,-3229000.000,3335000.000,-94000.000,-10136000.000,3912000.000,-379000.000,108000.000,124000.000,147000.000,-20492000.000,770000.000,322000.000,388000.000,901000.000,3286000.000
OtherOperatingActivitiesCashFlowStatement,,,-1933000.000,,,,-39000.000,,,,445000.000,,,,1351000.000,,,,183000.000,,,,553000.000
PaymentsForRestructuring,,,,,,,,,,,231000.000,,,,194000.000,,,,1101000.000,,,,297000.000
PaymentsOfDebtIssuanceCosts,,,,,,,,,,,,,,,,,,,2450000.000,,,,0.000
PaymentsOfDividendsCommonStock,,,1445000.000,,,,2263000.000,,,,2261000.000,,,,2939000.000,,,,3606000.000,,,,3635000.000
PaymentsToAcquireBusinessesNetOfCashAcquired,,,3311000.000,,,,,,,,,,,,,,,,,,,,87038000.000
PaymentsToAcquirePropertyPlantAndEquipment,,,5500000.000,,,,10344000.000,,,,10153000.000,,,,7817000.000,,,,7974000.000,,,,12718000.000
PensionAndOtherPostretirementBenefitContributions,,,,,,,,,,,,,,,,,,,,,,,917000.000
PensionAndOtherPostretirementBenefitExpense,,,2022000.000,,,,3403000.000,,,,2252000.000,,,,3129000.000,,,,2891000.000,,,,2632000.000
ProceedsFromLongTermLinesOfCredit,,,,,,,6250000.000,,,,8000000.000,,,,34250000.000,,,,17250000.000,,,,122000000.000
ProceedsFromStockOptionsExercised,,,125000.000,,,,,,,,,,,,,,,,,,,,
ReclassificationFromAccumulatedOtherComprehensiveIncomeCurrentPeriodNetOfTax,,,,,,,,,,,-1763000.000,,,,-2542000.000,,,,-3086000.000,,,,-2087000.000
RepaymentsOfLongTermLinesOfCredit,,,,,,,,,,,,,,,,,,,14250000.000,,,,24000000.000
ResearchAndDevelopmentExpense,3187000.000,3298000.000,3646000.000,3088000.000,3429000.000,2999000.000,3164000.000,3252000.000,3189000.000,3064000.000,2979000.000,3012000.000,3012000.000,3144000.000,3885000.000,4267000.000,3774000.000,4247000.000,4977000.000,4962000.000,4519000.000,4664000.000,4558000.000
RestructuringCharges,1084000.000,193000.000,893000.000,1321000.000,937000.000,1743000.000,101000.000,,,,1245000.000,,,,-52000.000,,,,1142000.000,,,,564000.000
RestructuringReserveSettledWithCash,,,,,,,-166000.000,,,,,,,,,,,,,,,,
Revenues,201395000.000,203924000.000,219763000.000,218763000.000,221748000.000,,,,,,,,,,,,,,,,,,
SalesRevenueGoodsNet,200966000.000,202590000.000,217198000.000,216113000.000,218809000.000,230068000.000,241526000.000,243530000.000,243194000.000,231096000.000,235213000.000,236965000.000,240429000.000,239219000.000,234171000.000,221245000.000,223772000.000,216989000.000,207333000.000,208533000.000,207702000.000,204773000.000,221026000.000
SalesRevenueNet,201395000.000,203924000.000,219763000.000,218763000.000,221748000.000,,,,,,,,,,,,,,,,,,
SellingGeneralAndAdministrativeExpense,15247000.000,17926000.000,19447000.000,19428000.000,16237000.000,18605000.000,18496000.000,17203000.000,17842000.000,17654000.000,18319000.000,16512000.000,16902000.000,17793000.000,17073000.000,21898000.000,14709000.000,18231000.000,19862000.000,19782000.000,17383000.000,18727000.000,20494000.000
SeveranceCosts1,,,,,,,,,,,,,400000.000,,,,900000.000,,,,300000.000,,300000.000
ShippingHandlingAndTransportationCosts,4742000.000,4636000.000,5336000.000,5938000.000,6130000.000,7442000.000,7202000.000,7409000.000,7508000.000,6506000.000,6770000.000,6401000.000,7726000.000,7896000.000,7325000.000,7743000.000,7862000.000,6908000.000,7001000.000,7066000.000,7153000.000,7849000.000,8306000.000
StockOptionPlanExpense,,,,315000.000,386000.000,,316000.000,283000.000,260000.000,296000.000,241000.000,345000.000,358000.000,328000.000,300000.000,198000.000,73000.000,-88000.000,-37000.000,31000.000,31000.000,31000.000,3000.000
UnrealizedGainLossOnInvestments,,,3600000.000,,,,1100000.000,,,,0.000,,,,,,,,800000.000,,,,3300000.000
WeightedAverageNumberOfDilutedSharesOutstanding,32205000.000,32060000.000,32393000.000,32101000.000,32101000.000,-64402424.000,32480000.000,32635000.000,32658000.000,-65173721.000,32621000.000,32641000.000,32507000.000,-65215146.000,32628000.000,32746000.000,32605000.000,-65400884.000,32654000.000,32716000.000,32828000.000,-65422928.000,32957000.000
WeightedAverageNumberOfSharesOutstandingBasic,31946000.000,31952000.000,32010000.000,32051000.000,32052000.000,-64080657.000,32076000.000,32187000.000,32201000.000,-64292249.000,32242000.000,32312000.000,32319000.000,-64570892.000,32482000.000,32609000.000,32605000.000,-65117884.000,32654000.000,32716000.000,32818000.000,-65426207.000,32920000.000
