,2011-09-30,2012-03-31,2012-06-30,2012-09-30,2012-12-31,2013-03-31,2013-06-30,2013-09-30,2013-12-31,2014-03-31,2014-09-30,2015-03-31,2015-06-30,2015-09-30,2015-12-31,2016-03-31,2016-06-30,2016-09-30,2016-12-31,2017-03-31
AdjustmentToAdditionalPaidInCapitalIncomeTaxEffectFromShareBasedCompensationNet,,,,,,,,,,,,559000.000,,,,-130000.000,,,,
AdjustmentsToAdditionalPaidInCapitalSharebasedCompensationRequisiteServicePeriodRecognitionValue,,,,,,,,,,,,,,,,,,,,1321000.000
AllowanceForLoanAndLeaseLossesPeriodIncreaseDecrease,,,18896000.000,20563000.000,,,,,,,,,,,,,,,,
AllowanceForLoanAndLeaseLossesProvisionForLossGross,,,18000000.000,15500000.000,,,,,,,,,,,,,,,,
AllowanceForLoanAndLeaseLossesRecoveriesOfBadDebts,,,766000.000,1671000.000,,,,,,,,,,,,,,,,
AllowanceForLoanAndLeaseLossesWriteOffs,,,19662000.000,22234000.000,,,,,,53456000.000,,,,,,,,,,
AmortizationOfIntangibleAssets,748000.000,732000.000,730000.000,728000.000,727000.000,705000.000,491000.000,427000.000,408000.000,387000.000,313000.000,,447000000.000,714000000.000,,1010000.000,987000.000,1119000.000,1066000.000,973000.000
AntidilutiveSecuritiesExcludedFromComputationOfEarningsPerShareAmount,,,,0.000,,,,,,,,,,,,,,,,
AvailableForSaleSecuritiesGrossRealizedGains,,,6490000.000,,,116000.000,,,,410000.000,11000.000,1539000.000,13000.000,328000.000,529000.000,673000.000,285000.000,607000.000,82000.000,98000.000
AvailableForSaleSecuritiesGrossRealizedGainsLossesSaleProceeds,,,265992000.000,,,15751000.000,,5000000.000,,153316000.000,13290000.000,69467000.000,67350000.000,137702000.000,79341000.000,61305000.000,26992000.000,100867000.000,10700000.000,24197000.000
AvailableForSaleSecuritiesGrossRealizedLosses,,,,,,,,,,193000.000,,,,3000.000,,294000.000,3000.000,346000.000,22000.000,100000.000
BrokerageCommissionsRevenue,836000.000,813000.000,809000.000,709000.000,751000.000,767000.000,1063000.000,1274000.000,1361000.000,1177000.000,1209000.000,1551000.000,1232000.000,1200000.000,1058000.000,1053000.000,1117000.000,1199000.000,911000.000,1410000.000
BusinessCombinationAcquisitionRelatedCosts,,,,,,,,,,,,,3173000.000,5744000.000,,2653000.000,1176000.000,3152000.000,1141000.000,2054000.000
CashAndCashEquivalentsPeriodIncreaseDecrease,,49170000.000,,,,-4121000.000,,,,-15557000.000,,-6991000.000,,,,-57547000.000,,,,13625000.000
CertainLoansAcquiredInTransferAccountedForAsDebtSecuritiesAccretableYieldAccretion,,,,,,,,,,,,,83000.000,316000.000,,1315000.000,626000.000,1116000.000,1166000.000,1690000.000
CertainLoansAcquiredInTransferAccountedForAsDebtSecuritiesAccretableYieldAdditions,,,,,,,,,,,,,1029000.000,4834000.000,,,,2113000.000,,
CertainLoansAcquiredInTransferAccountedForAsDebtSecuritiesAccretableYieldReclassificationsFromNonaccretableDifference,,,,,,,,,,,,,,,,646000.000,806000.000,1455000.000,414000.000,889000.000
ChangeInUnrealizedGainLossOnFairValueHedgingInstruments1,,,,,,,,,,,,,,,,,,,,-168000.000
ChangeInUnrealizedGainLossOnHedgedItemInFairValueHedge1,,,,,,,,,,,,,,,,,,,,43000.000
CommonStockDividendsPerShareDeclared,,,,,,,,,,,,0.050,,,,0.070,,,,0.090
ComprehensiveIncomeNetOfTax,10200000.000,5772000.000,-1542000.000,11330000.000,-2035000.000,12580000.000,239001000.000,5122000.000,20233000.000,16476000.000,15911000.000,25784000.000,11521000.000,19729000.000,7882000.000,29989000.000,39029000.000,29527000.000,1080000.000,31048000.000
CumulativeEffectOnRetainedEarningsNetOfTax1,,,,,,,,,,,,,,,,,,,,437000.000
DeferredIncomeTaxExpenseBenefit,,,,,,,,,,9776000.000,,8672000.000,,,,13553000.000,,,,19059000.000
DepreciationAmortizationAndAccretionNet,,6803000.000,,,,7505000.000,,,,4927000.000,,5158000.000,,,,7087000.000,,,,6394000.000
DerivativeGainLossOnDerivativeNet,,,,,,,,,,,,,,,,,,,,666000.000
DerivativeLossOnDerivative,,,,,,,,,,,,1140000.000,1130000.000,,,,,,,
DerivativeNetHedgeIneffectivenessGainLoss,,,,,,,,,,,,37000.000,207000.000,,,,,,,
DividendsCommonStockCash,,,,,,,,,,,,3035000.000,,,,5041000.000,,,,6488000.000
EarningsPerShareBasic,-0.160,,0.060,0.130,,0.150,3.900,0.210,0.180,0.250,0.290,0.290,0.280,0.270,0.250,0.310,0.350,0.360,0.380,0.330
EarningsPerShareBasicAndDiluted,,0.150,,0.130,,0.150,3.900,,,,,,,,,,,,,
EarningsPerShareDiluted,-0.160,,0.060,0.130,,0.150,3.900,0.210,0.180,0.250,0.290,0.290,0.280,0.270,0.250,0.310,0.350,0.360,0.380,0.330
EffectiveIncomeTaxRateReconciliationAtFederalStatutoryIncomeTaxRate,,,,,,,,0.380,,0.370,0.362,0.370,0.384,0.378,-0.782,0.379,0.379,0.378,-0.786,0.440
FairValueOptionChangesInFairValueGainLoss1,,,,,,,,,,,,,,,,,,,,252000.000
FeesAndCommissionsDepositorAccounts,7534000.000,7783000.000,7816000.000,7696000.000,8375000.000,7403000.000,7972000.000,8456000.000,8166000.000,7898000.000,8202000.000,7615000.000,8375000.000,9335000.000,11500000.000,10126000.000,10515000.000,10819000.000,10653000.000,10604000.000
FeesAndCommissionsMortgageBanking,1148000.000,2099000.000,2322000.000,2800000.000,3262000.000,2655000.000,3003000.000,2554000.000,1713000.000,1354000.000,2178000.000,2755000.000,3707000.000,3840000.000,3290000.000,3289000.000,4448000.000,6039000.000,6516000.000,4424000.000
FinancingReceivableAllowanceForCreditLossesRecovery,,,,,,,,,,1137000.000,1551000.000,790000.000,2203000.000,1742000.000,2421000.000,1015000.000,1803000.000,1605000.000,1172000.000,1536000.000
FinancingReceivableAllowanceForCreditLossesWriteOffs,,,,,,,,,,5176000.000,4706000.000,3352000.000,3181000.000,3159000.000,3723000.000,3153000.000,3533000.000,2964000.000,2711000.000,3215000.000
ForeclosedRealEstateExpense,2813000.000,3825000.000,1851000.000,3706000.000,4611000.000,2333000.000,5151000.000,194000.000,191000.000,116000.000,285000.000,,,,,,,,,
GainLossOnSaleOfLoansAndLeases,,,,,,,,,,,,1141000.000,1494000.000,1646000.000,1995000.000,1237000.000,2801000.000,2479000.000,3028000.000,1959000.000
GainLossOnSaleOfSecuritiesNet,,557000.000,6490000.000,,,116000.000,,,,217000.000,11000.000,1539000.000,13000.000,325000.000,378000.000,379000.000,282000.000,261000.000,60000.000,-2000.000
GainsLossesOnExtinguishmentOfDebt,,-482000.000,-6199000.000,,,,,,,,,-1038000.000,,,,,,,,
GainsLossesOnSalesOfOtherRealEstate,,-2204000.000,,,,-1146000.000,,,,244000.000,,81000.000,,,,214000.000,,,,-373000.000
GoodwillAcquiredDuringPeriod,,,,,,,,,,,,,13018000.000,1116000.000,,,,,,
ImpairedFinancingReceivableAverageRecordedInvestment,,,287336000.000,275960000.000,,,,,,,,,,,,,,,,
ImpairedFinancingReceivableInterestIncomeAccrualMethod,,,2421000.000,2110000.000,,,,,,,,,,,,,,,,
ImpairedFinancingReceivableInterestIncomeCashBasisMethod,,,3216000.000,2932000.000,,,,,,,,,,,,,,,,
ImpairmentOfInvestments,,,0.000,0.000,,,,,,,,,,,,,,,,
IncomeLossFromContinuingOperations,-6202000.000,,,,,11765000.000,229964000.000,15500000.000,15911000.000,15400000.000,17616000.000,17670000.000,17813000.000,17887000.000,18208000.000,22295000.000,25266000.000,25874000.000,27221000.000,23524000.000
IncomeLossFromContinuingOperationsBeforeIncomeTaxesMinorityInterestAndIncomeLossFromEquityMethodInvestments,-12161000.000,11842000.000,6949000.000,10433000.000,5682000.000,12350000.000,-26817000.000,25015000.000,24404000.000,24438000.000,27610000.000,28063000.000,28937000.000,28754000.000,,35873000.000,40655000.000,41627000.000,44837000.000,42002000.000
IncomeLossFromContinuingOperationsPerBasicShare,-0.160,,,,,,,,,,,,,,,,,,,
IncomeLossFromContinuingOperationsPerDilutedShare,-0.160,,,,,,,,,,,,,,,,,,,
IncomeTaxExpenseBenefit,-5959000.000,314000.000,450000.000,-135000.000,421000.000,585000.000,-256781000.000,9515000.000,8493000.000,9038000.000,9994000.000,10393000.000,11124000.000,10867000.000,11052000.000,13578000.000,15389000.000,15753000.000,17616000.000,18478000.000
IncomeTaxesPaidNet,,1026000.000,,,,1659000.000,,,,1321000.000,,1800000.000,,,,2013000.000,,,,680000.000
IncreaseDecreaseInAccruedLiabilities,,646000.000,,,,,,,,,,,,,,,,,,
IncreaseDecreaseInAccruedLiabilitiesAndOtherOperatingLiabilities,,,,,,3225000.000,,,,-12230000.000,,-11342000.000,,,,-3049000.000,,,,-5115000.000
IncreaseDecreaseInDeposits,,-97444000.000,,,,73712000.000,,,,46036000.000,,111419000.000,,,,87204000.000,,,,114828000.000
IncreaseDecreaseInLoansHeldForSale,,928000.000,,,,-10531000.000,,,,614000.000,,1986000.000,,,,2347000.000,,,,-13387000.000
IncrementalCommonSharesAttributableToCallOptionsAndWarrants,,,,,,,,101000.000,,,,,,,,,,,,
IncrementalCommonSharesAttributableToShareBasedPaymentArrangements,,,,,,,,1000.000,,2000.000,3000.000,4000.000,4.000,6000.000,-6004.000,4.000,5000.000,5000.000,-9999.000,8000.000
InterestAndDividendIncomeOperating,74123000.000,69775000.000,66336000.000,65559000.000,64069000.000,61769000.000,61325000.000,60993000.000,61753000.000,60138000.000,62933000.000,62534000.000,65808000.000,70828000.000,79362000.000,80721000.000,81082000.000,85439000.000,87778000.000,90958000.000
InterestAndDividendIncomeSecurities,14568000.000,13004000.000,11062000.000,10706000.000,,9965000.000,9681000.000,9872000.000,,11607000.000,12346000.000,12058000.000,12037000.000,12801000.000,,15788000.000,16833000.000,15418000.000,,17712000.000
InterestAndFeeIncomeLoansAndLeases,59294000.000,55759000.000,54178000.000,53868000.000,53335000.000,50934000.000,50728000.000,50114000.000,49117000.000,47688000.000,49653000.000,49664000.000,52976000.000,57174000.000,63442000.000,63976000.000,63472000.000,69440000.000,71494000.000,72727000.000
InterestExpense,15262000.000,11357000.000,9944000.000,8607000.000,8422000.000,7475000.000,7131000.000,7025000.000,6051000.000,6326000.000,6371000.000,5292000.000,4817000.000,5402000.000,5598000.000,5769000.000,6164000.000,6450000.000,6853000.000,7404000.000
InterestExpenseDeposits,11098000.000,7474000.000,6275000.000,5695000.000,4791000.000,4278000.000,3913000.000,3481000.000,2894000.000,2794000.000,2978000.000,2196000.000,2075000.000,2173000.000,2381000.000,2264000.000,2423000.000,2509000.000,2960000.000,3058000.000
InterestExpenseFederalHomeLoanBankAndFederalReserveBankAdvancesShortTerm,441000.000,466000.000,390000.000,26000.000,25000.000,19000.000,30000.000,16000.000,3000.000,58000.000,435000.000,392000.000,454000.000,461000.000,436000.000,733000.000,983000.000,1015000.000,945000.000,1430000.000
InterestExpenseLongTermDebt,2642000.000,2372000.000,2375000.000,2372000.000,3082000.000,2662000.000,2666000.000,3003000.000,2646000.000,2634000.000,2642000.000,2606000.000,2206000.000,2669000.000,2696000.000,2685000.000,2665000.000,2828000.000,2827000.000,2876000.000
InterestExpenseMoneyMarketDeposits,1129000.000,641000.000,661000.000,599000.000,617000.000,562000.000,534000.000,545000.000,569000.000,563000.000,872000.000,673000.000,806000.000,981000.000,1006000.000,1108000.000,1206000.000,1347000.000,1321000.000,1426000.000
InterestExpenseNegotiableOrderOfWithdrawalNOWDeposits,831000.000,637000.000,503000.000,447000.000,462000.000,454000.000,419000.000,413000.000,473000.000,440000.000,365000.000,394000.000,348000.000,337000.000,426000.000,485000.000,444000.000,452000.000,522000.000,597000.000
InterestExpenseSavingsDeposits,52000.000,37000.000,38000.000,37000.000,38000.000,36000.000,36000.000,37000.000,24000.000,20000.000,20000.000,20000.000,26000.000,25000.000,27000.000,29000.000,30000.000,43000.000,33000.000,27000.000
InterestExpenseShortTermBorrowings,,,,,,,,,,840000.000,316000.000,98000.000,82000.000,99000.000,85000.000,87000.000,93000.000,98000.000,121000.000,40000.000
InterestExpenseTimeDeposits,9086000.000,6159000.000,5073000.000,4612000.000,3674000.000,3226000.000,2924000.000,2486000.000,1828000.000,1771000.000,1721000.000,1109000.000,895000.000,830000.000,922000.000,642000.000,743000.000,667000.000,1084000.000,1008000.000
InterestIncomeExpenseAfterProvisionForLoanLoss,22861000.000,43418000.000,38392000.000,41452000.000,41647000.000,43294000.000,5694000.000,50968000.000,52702000.000,51312000.000,54562000.000,55442000.000,60091000.000,64726000.000,73464000.000,75152000.000,75218000.000,79289000.000,80925000.000,82754000.000
InterestIncomeExpenseNet,58861000.000,58418000.000,56392000.000,56952000.000,55647000.000,54294000.000,54194000.000,53968000.000,55702000.000,53812000.000,56562000.000,57242000.000,60991000.000,65426000.000,73764000.000,74952000.000,74918000.000,78989000.000,80925000.000,83554000.000
InterestIncomeSecuritiesTaxExempt,244000.000,,262000.000,225000.000,,,,,,,,,,,,,,,,
InterestPaid,,12252000.000,,,,,,,,,,,,,,,,,,
InterestPaidNet,,,,,,8025000.000,,,,7449000.000,,6334000.000,,,,7407000.000,,,,8089000.000
LaborAndRelatedExpense,25262000.000,25225000.000,24297000.000,22918000.000,23586000.000,23592000.000,24734000.000,23090000.000,24817000.000,24396000.000,25666000.000,26446000.000,27961000.000,29342000.000,32939000.000,33062000.000,33572000.000,36478000.000,35677000.000,36691000.000
LoansAndLeasesReceivableImpairedInterestLostOnNonaccrualLoans,,,,,,,,,,460000.000,705000.000,260000.000,165000000.000,262000.000,,254000.000,170000.000,262000.000,289000.000,277000.000
MarketingAndAdvertisingExpense,1052000.000,846000.000,1088000.000,934000.000,987000.000,938000.000,1037000.000,962000.000,781000.000,626000.000,894000.000,750000.000,1127000.000,812000.000,978000.000,864000.000,1323000.000,1088000.000,1151000.000,1061000.000
NetCashProvidedByUsedInFinancingActivities,,73528000.000,,,,30658000.000,,,,-64542000.000,,85910000.000,,,,135569000.000,,,,-36563000.000
NetCashProvidedByUsedInFinancingActivitiesContinuingOperations,,73528000.000,,,,30658000.000,,,,-64542000.000,,85910000.000,,,,135569000.000,,,,-36563000.000
NetCashProvidedByUsedInInvestingActivities,,-57509000.000,,,,-88376000.000,,,,21960000.000,,-120388000.000,,,,-195504000.000,,,,-12382000.000
NetCashProvidedByUsedInInvestingActivitiesContinuingOperations,,-57509000.000,,,,-88376000.000,,,,21960000.000,,-120388000.000,,,,-195504000.000,,,,-12382000.000
NetCashProvidedByUsedInOperatingActivities,,33151000.000,,,,53597000.000,,,,27025000.000,,27487000.000,,,,2388000.000,,,,62570000.000
NetCashProvidedByUsedInOperatingActivitiesContinuingOperations,,33151000.000,,,,53597000.000,,,,27025000.000,,27487000.000,,,,2388000.000,,,,62570000.000
NetIncomeLoss,-6202000.000,11528000.000,6499000.000,10568000.000,5261000.000,11765000.000,229964000.000,15500000.000,15911000.000,15400000.000,17616000.000,17670000.000,17813000.000,17887000.000,18208000.000,22295000.000,25266000.000,25874000.000,27221000.000,23524000.000
NetIncomeLossAvailableToCommonStockholdersBasic,-9221000.000,8498000.000,3467000.000,7527000.000,2216000.000,8713000.000,226909000.000,12441000.000,12999000.000,14961000.000,17616000.000,17670000.000,17796000.000,17862000.000,18183000.000,22274000.000,25266000.000,25874000.000,27221000.000,23524000.000
NoninterestExpense,46520000.000,46955000.000,44310000.000,44783000.000,50726000.000,43770000.000,48823000.000,40097000.000,41614000.000,39050000.000,41364000.000,43061000.000,48420000.000,54269000.000,,57885000.000,58060000.000,64023000.000,61321000.000,62826000.000
NoninterestIncome,11498000.000,15379000.000,12867000.000,13764000.000,14761000.000,12826000.000,16312000.000,14144000.000,13316000.000,12176000.000,14412000.000,15682000.000,17266000.000,18297000.000,21284000.000,18606000.000,23497000.000,26361000.000,25233000.000,22074000.000
NoninterestIncomeOther,1980000.000,4609000.000,1629000.000,2559000.000,2342000.000,1885000.000,4274000.000,1860000.000,2006000.000,1530000.000,2812000.000,2119000.000,2445000.000,2207000.000,3063000.000,2522000.000,4334000.000,5564000.000,4065000.000,3679000.000
OccupancyNet,3794000.000,3771000.000,3539000.000,3539000.000,3455000.000,3367000.000,3449000.000,3379000.000,3735000.000,3378000.000,3425000.000,3278000.000,3415000.000,4013000.000,4666000.000,4723000.000,4538000.000,5132000.000,5210000.000,4949000.000
OtherComprehensiveIncomeDefinedBenefitPlanNetPriorServiceCostCreditArisingDuringPeriodBeforeTax,,,,,,90000.000,-91000.000,,,,,,,,,,,,,
OtherComprehensiveIncomeDefinedBenefitPlanNetPriorServiceCostsCreditArisingDuringPeriodNetOfTax,,,-154000.000,-154000.000,,,,,,,,,,,,,,,,
OtherComprehensiveIncomeDefinedBenefitPlansAdjustmentBeforeTaxPortionAttributableToParent,,,,,,-283000.000,133000.000,133000.000,1110000.000,387000.000,91000.000,159000.000,159000.000,159000.000,-1219000.000,167000.000,,,,-600000.000
OtherComprehensiveIncomeDefinedBenefitPlansAdjustmentNetOfTaxPeriodIncreaseDecrease,,154000.000,,,,,,,,,,,,,,,,,,
OtherComprehensiveIncomeDefinedBenefitPlansAdjustmentNetOfTaxPortionAttributableToParent,,,,,,-283000.000,191000.000,81000.000,679000.000,237000.000,55000.000,97000.000,97000.000,97000.000,-744000.000,102000.000,,,,-367000.000
OtherComprehensiveIncomeDefinedBenefitPlansNetUnamortizedGainLossArisingDuringPeriodNetOfTax,,,,,,254000.000,,,,-181000.000,,,,,,,,,,-488000.000
OtherComprehensiveIncomeDefinedBenefitPlansNetUnamortizedGainLossArisingDuringPeriodTax,,,,,,161000.000,,,,-115000.000,,,,,,,,,,-312000.000
OtherComprehensiveIncomeDerivativesQualifyingAsHedgesBeforeTaxPortionAttributableToParent,,,,,,108000.000,11366000.000,-3427000.000,1133000.000,-2735000.000,1123000.000,-46000.000,455000.000,550000.000,506000.000,500000.000,,,,413000.000
OtherComprehensiveIncomeDerivativesQualifyingAsHedgesNetOfTaxPortionAttributableToParent,,,,,,-108000.000,20685000.000,-2083000.000,813000.000,-1671000.000,686000.000,-28000.000,278000.000,336000.000,309000.000,305000.000,,,,3652000.000
OtherComprehensiveIncomeForeignCurrencyTransactionAndTranslationGainLossBeforeReclassificationAndTax,,,-6490000.000,,,,,,,,,,,,,,,,,
OtherComprehensiveIncomeLossBeforeTax,,,-8041000.000,762000.000,,,,,,,,,,,,,,,,
OtherComprehensiveIncomeLossBeforeTaxPortionAttributableToParent,,,,,,815000.000,-4130000.000,-16723000.000,6973000.000,1634000.000,-2686000.000,13047000.000,-9985000.000,2966000.000,-16637000.000,12449000.000,22184000.000,5962000.000,-42087000.000,6633000.000
OtherComprehensiveIncomeLossDerivativesQualifyingAsHedgesTax,,,,,,0.000,-9319000.000,-1344000.000,536000.000,-1064000.000,437000.000,-18000.000,177000.000,214000.000,197000.000,195000.000,,,,-3239000.000
OtherComprehensiveIncomeLossNetOfTaxPeriodIncreaseDecrease,,-5756000.000,,,,,,,,,,,,,,,,,,
OtherComprehensiveIncomeLossNetOfTaxPortionAttributableToParent,,-5756000.000,,,,815000.000,9037000.000,-10378000.000,4322000.000,1076000.000,-1705000.000,8114000.000,-6292000.000,1842000.000,-10326000.000,7694000.000,13763000.000,3653000.000,-26141000.000,7524000.000
OtherComprehensiveIncomeLossPensionAndOtherPostretirementBenefitPlansNetUnamortizedGainLossArisingDuringPeriodBeforeTax,,,,,,415000.000,,,,-296000.000,,,,,,,,,,-800000.000
OtherComprehensiveIncomeLossPensionAndOtherPostretirementBenefitPlansTax,,,,,,0.000,-58000.000,52000.000,431000.000,150000.000,36000.000,62000.000,62000.000,62000.000,-475000.000,65000.000,,,,-233000.000
OtherComprehensiveIncomeLossReclassificationAdjustmentForSaleOfSecuritiesIncludedInNetIncomeBeforeTax,,,,,,-116000.000,,,,,,,,,,,,,,
OtherComprehensiveIncomeLossReclassificationAdjustmentForSaleOfSecuritiesIncludedInNetIncomeNetOfTax,,,,,,-71000.000,,,,,,,,,,,,,,
OtherComprehensiveIncomeLossReclassificationAdjustmentForSaleOfSecuritiesIncludedInNetIncomeTax,,,,,,-45000.000,,,,,,,,,,,,,,
OtherComprehensiveIncomeLossReclassificationAdjustmentFromAOCIForSaleOfSecuritiesBeforeTax,,,,,,,,,,-217000.000,-11000.000,-1539000.000,-13000.000,-325000.000,4132000.000,-379000.000,-282000.000,-261000.000,1904000.000,2000.000
OtherComprehensiveIncomeLossReclassificationAdjustmentFromAOCIForSaleOfSecuritiesNetOfTax,,,,,,,,,,-125000.000,-7000.000,-941000.000,-8000.000,-204000.000,2546000.000,-238000.000,-176000.000,-160000.000,1185000.000,1000.000
OtherComprehensiveIncomeLossReclassificationAdjustmentFromAOCIForSaleOfSecuritiesTax,,,,,,,,,,-92000.000,-4000.000,-598000.000,-5000.000,-121000.000,1586000.000,-141000.000,-106000.000,-101000.000,719000.000,1000.000
OtherComprehensiveIncomeLossReclassificationAdjustmentFromAOCIOnDerivativesBeforeTax,,,,,,,-306000.000,-58000.000,,97000.000,711000.000,425000.000,455000.000,550000.000,506000.000,500000.000,460000.000,466000.000,465000.000,413000.000
OtherComprehensiveIncomeLossReclassificationAdjustmentFromAOCIOnDerivativesNetOfTax,,,,,,,-187000.000,-35000.000,,59000.000,434000.000,260000.000,278000.000,336000.000,309000.000,305000.000,281000.000,285000.000,284000.000,252000.000
OtherComprehensiveIncomeLossReclassificationAdjustmentFromAOCIOnDerivativesTax,,,,,,,-119000.000,-23000.000,,38000.000,277000.000,165000.000,177000.000,214000.000,197000.000,195000.000,179000.000,181000.000,181000.000,161000.000
OtherComprehensiveIncomeLossReclassificationAdjustmentOnDerivativesIncludedInNetIncomeBeforeTax,,,,,,-538000.000,,,,,,,,,,,,,,
OtherComprehensiveIncomeLossReclassificationAdjustmentOnDerivativesIncludedInNetIncomeNetOfTax,,,-714000.000,-763000.000,,-329000.000,,,,,,,,,,,,,,
OtherComprehensiveIncomeLossReclassificationAdjustmentOnDerivativesIncludedInNetIncomeTax,,,,,,-209000.000,,,,,,,,,,,,,,
OtherComprehensiveIncomeLossTaxPortionAttributableToParent1,,,,,,0.000,-13167000.000,-6345000.000,2651000.000,558000.000,-981000.000,4933000.000,-3693000.000,1124000.000,-6311000.000,4755000.000,8421000.000,2309000.000,-15946000.000,-891000.000
OtherComprehensiveIncomeLossTransfersFromHeldToMaturityToAvailableForSaleSecuritiesNetOfTax,,,,,,195000.000,168000.000,132000.000,-944000.000,-207000.000,-292000.000,-302000.000,-184000.000,-170000.000,1720000.000,-283000.000,-295000.000,-426000.000,2101000.000,-194000.000
OtherComprehensiveIncomeReclassificationAdjustmentForHeldToMaturityTransferredToAvailableForSaleSecuritiesBeforeTax,,,-400000.000,-499000.000,,319000.000,271000.000,214000.000,-1535000.000,-330000.000,-468000.000,-484000.000,-289000.000,-269000.000,2744000.000,-464000.000,-473000.000,-663000.000,3359000.000,-310000.000
OtherComprehensiveIncomeReclassificationAdjustmentForHeldToMaturityTransferredToAvailableForSaleSecuritiesNetOfTax,,413000.000,,,,,,,,,,,,,,,,,,
OtherComprehensiveIncomeReclassificationAdjustmentForHeldToMaturityTransferredToAvailableForSaleSecuritiesTax,,,,,,124000.000,103000.000,82000.000,-591000.000,-123000.000,-176000.000,-182000.000,-105000.000,-99000.000,1024000.000,-181000.000,-178000.000,-237000.000,1258000.000,-116000.000
OtherComprehensiveIncomeReclassificationAdjustmentForSaleOfSecuritiesIncludedInNetIncomeNetOfTax,,557000.000,,,,,,,,,,,,,,,,,,
OtherComprehensiveIncomeReclassificationAdjustmentOnDerivativesIncludedInNetIncomeNetOfTax,,1600000.000,,,,,,,,,,,,,,,,,,
OtherComprehensiveIncomeUnrealizedGainLossOnDerivativesArisingDuringPeriodBeforeTax,,,,,,430000.000,11672000.000,-3369000.000,,-2832000.000,412000.000,-471000.000,,,,,,,,
OtherComprehensiveIncomeUnrealizedGainLossOnDerivativesArisingDuringPeriodNetOfTax,,,,,,263000.000,7132000.000,-2048000.000,814000.000,-1730000.000,252000.000,-288000.000,,,,,,,,
OtherComprehensiveIncomeUnrealizedGainLossOnDerivativesArisingDuringPeriodTax,,,,,,167000.000,4540000.000,-1321000.000,537000.000,-1102000.000,160000.000,-183000.000,,,,,,,,
OtherComprehensiveIncomeUnrealizedHoldingGainLossOnSecuritiesArisingDuringPeriodBeforeTax,,,,,,1641000.000,-15358000.000,-13215000.000,4511000.000,3869000.000,-4357000.000,13989000.000,-10875000.000,2313000.000,-16206000.000,11697000.000,21366000.000,4927000.000,-41599000.000,6508000.000
OtherComprehensiveIncomeUnrealizedHoldingGainLossOnSecuritiesArisingDuringPeriodNetOfTax,,-3340000.000,4264000.000,5813000.000,-6262000.000,1020000.000,-9560000.000,-8244000.000,2838000.000,2428000.000,-2731000.000,8684000.000,-6843000.000,1443000.000,-10059000.000,7242000.000,13261000.000,3000000.000,-25838000.000,4044000.000
OtherComprehensiveIncomeUnrealizedHoldingGainLossOnSecuritiesArisingDuringPeriodTax,,,,,,621000.000,-5798000.000,-4971000.000,1673000.000,1441000.000,-1626000.000,5305000.000,-4032000.000,870000.000,-6147000.000,4455000.000,8105000.000,1927000.000,-15761000.000,2464000.000
OtherNoninterestExpense,3877000.000,3937000.000,4181000.000,4033000.000,7800000.000,4055000.000,4595000.000,3041000.000,3480000.000,3352000.000,3406000.000,5250000.000,4892000.000,5542000.000,4529000.000,5779000.000,6067000.000,6112000.000,5733000.000,6483000.000
PartnersCapitalAccountUnitBasedCompensation,,,,,,189000.000,,,,209000000.000,,209000.000,,,,,,,,
PaymentsForProceedsFromLoansAndLeases,,41418000.000,,,,36224000.000,,,,34027000.000,,122257000.000,,,,101828000.000,,,,15873000.000
PaymentsForRepurchaseOfPreferredStockAndPreferenceStock,,,,,,,,,,121613000.000,,,,,,9992000.000,,,,
PaymentsOfDividendsCommonStock,,,,,,,,,,,,3032000.000,,,,5041000.000,,,,5764000.000
PaymentsOfDividendsPreferredStockAndPreferenceStock,,2672000.000,,,,2668000.000,,,,1214000.000,,,,,,46000.000,,,,
PaymentsRelatedToTaxWithholdingForShareBasedCompensation,,,,,,,,,,,,,,,,,,,,-737000.000
PaymentsToAcquireAvailableForSaleSecurities,,253229000.000,,,,219349000.000,,,,173024000.000,,137305000.000,,,,246666000.000,,,,147614000.000
PaymentsToAcquireHeldToMaturitySecurities,,,,,,4993000.000,,,,,,,,,,1000000.000,,,,13433000.000
PaymentsToAcquireLifeInsurancePolicies,,,,,,,,,,,,,,,,,,,,10000000.000
PaymentsToAcquirePropertyPlantAndEquipment,,1614000.000,,,,2001000.000,,,,618000.000,,1768000.000,,,,5104000.000,,,,3404000.000
PaymentsToAcquireTrustPreferredInvestments,,,,,,,,,,,,15998000.000,,,,,,,,
PreferredStockDividendsAndOtherAdjustments,3019000.000,3030000.000,3032000.000,3041000.000,3045000.000,3052000.000,3055000.000,3059000.000,2912000.000,439000.000,,,17000.000,25000.000,,21000.000,,,,
ProceedsFromFederalHomeLoanBankAdvances,,499000000.000,,,,185000000.000,,,,355000000.000,,410000000.000,,,,1715000000.000,,,,1510000000.000
ProceedsFromIssuanceOfCommonStock,,,,,,,,,,12206000.000,,,,,,,,,,
ProceedsFromMaturitiesPrepaymentsAndCallsOfAvailableForSaleSecurities,,142236000.000,,,,132211000.000,,,,56757000.000,,55121000.000,,,,82029000.000,,,,137312000.000
ProceedsFromMaturitiesPrepaymentsAndCallsOfHeldToMaturitySecurities,,25653000.000,,,,17501000.000,,,,15007000.000,,16144000.000,,,,14207000.000,,,,13351000.000
ProceedsFromRepaymentsOfShortTermDebt,,,,,,,,,,,,,,,,,,,,-5000000.000
ProceedsFromSaleOfAvailableForSaleSecurities,,61585000.000,,,,15751000.000,,,,153316000.000,,69467000.000,,,,61305000.000,,,,24197000.000
ProceedsFromSaleOfOtherRealEstate,,6696000.000,,,,5726000.000,,,,2417000.000,,1408000.000,,,,1524000.000,,,,3077000.000
ProceedsFromSaleOfPropertyPlantAndEquipment,,14000.000,,,,550000.000,,,,509000.000,,,,,,29000.000,,,,5000.000
ProceedsFromStockPlans,,278000.000,,,,,,,,,,,,,,,,,,
ProfessionalFees,2051000.000,1975000.000,1952000.000,2180000.000,2685000.000,2366000.000,2499000.000,2650000.000,2102000.000,1427000.000,2274000.000,1919000.000,2257000.000,2668000.000,3331000.000,2700000.000,3189000.000,3160000.000,2773000.000,3044000.000
ProvisionForLoanAndLeaseLosses,,,,,,,,,,,,,,,,,-300000.000,-300000.000,,800000.000
ProvisionForLoanLeaseAndOtherLosses,,,,,,,,,,2500000.000,2000000.000,1800000.000,,,,,,,,
ProvisionForLoanLossesExpensed,36000000.000,15000000.000,18000000.000,15500000.000,14000000.000,11000000.000,48500000.000,3000000.000,3000000.000,2500000.000,2000000.000,1800000.000,900000.000,700000.000,300000.000,,,,,
ProvisionForOtherLosses,,,1008000.000,2394000.000,,1041000.000,1369000.000,329000.000,326000.000,277000.000,108000.000,,,,,,,,,
RepaymentsOfFederalHomeLoanBankBorrowings,,324982000.000,,,,225000000.000,,,,425000000.000,,410000000.000,,,,1635000000.000,,,,1650000000.000
Revenues,34359000.000,58797000.000,51259000.000,55216000.000,56408000.000,56120000.000,22006000.000,65112000.000,66018000.000,63488000.000,68974000.000,71124000.000,77357000.000,83023000.000,94748000.000,93758000.000,98715000.000,105650000.000,106158000.000,104828000.000
SalesRevenueNet,34359000.000,58797000.000,51259000.000,55216000.000,56408000.000,56120000.000,22006000.000,65112000.000,66018000.000,63488000.000,68974000.000,71124000.000,77357000.000,83023000.000,94748000.000,93758000.000,98715000.000,105650000.000,106158000.000,104828000.000
ServicingAssetAtFairValueAdditions,,,,,,,,,,,,,,137000.000,,,,,,
ServicingAssetAtFairValueChangesInFairValueResultingFromChangesInValuationInputsOrChangesInAssumptions,,,,,,,,,,,,24000.000,41000.000,379000.000,,,,,,
ServicingAssetsAndServicingLiabilitiesAtFairValueAssumptionsUsedToEstimateFairValueDiscountRate,,,,,,,,,,,,0.111,,,,,,,,
ServicingAssetsAndServicingLiabilitiesAtFairValueAssumptionsUsedToEstimateFairValuePrepaymentSpeed,,,,,,,,,,,,0.073,,,,,,,,
ShareBasedCompensation,,585000.000,,,,626000.000,,,,1120000.000,,991000.000,,,,918000.000,,,,1321000.000
ShareBasedCompensationArrangementByShareBasedPaymentAwardDiscountFromMarketPricePurchaseDate,,,,,,0.050,,,,0.050,,,,,,,,,,
ShareBasedCompensationArrangementByShareBasedPaymentAwardFairValueAssumptionsDiscountForPostvestingRestrictions,,,,,,,,,,,,0.050,,,,0.100,,,,0.100
ShareBasedCompensationArrangementByShareBasedPaymentAwardSharesIssuedInPeriod,,,,,,18170.000,,,,11837.000,,,,,,,,,,
ShareBasedCompensationArrangementByShareBasedPaymentAwardSharesPurchasedForAward,,,,,,,,,,,,11837.000,,,,,,,,
StockIssuedDuringPeriodSharesConversionOfConvertibleSecurities,,,,,,613158.000,,,,3107419.000,,,,,,,,,,
StockIssuedDuringPeriodSharesDividendReinvestmentPlan,,,,,,,,,,,,487.000,,,,736.000,,,,904.000
StockIssuedDuringPeriodSharesEmployeeStockPurchasePlans,,,,,,,,,,,,,,,,4418.000,,,,3335.000
StockIssuedDuringPeriodSharesNewIssues,,,,,,,,,,640000.000,,,,,,,,,,
StockIssuedDuringPeriodSharesRestrictedStockAwardNetOfForfeitures,,4397.000,,,,4042.000,,,,1096.000,,31718.000,,,,26385.000,,,,37121.000
StockIssuedDuringPeriodValueNewIssues,,,,,,,,,,12206000.000,,,,,,,,,,
StockIssuedDuringPeriodValueRestrictedStockAwardNetOfForfeitures,,40000.000,,,,44000.000,,,,-1000.000,,-338000.000,,,,-483000.000,,,,-630000.000
StockRedeemedOrCalledDuringPeriodShares,,,,,,,,,,105000.000,,,,,,9992.000,,,,
StockRedeemedOrCalledDuringPeriodValue,,,,,,,,,,105000000.000,,,,,,9992000.000,,,,
StockRepurchasedAndRetiredDuringPeriodShares,,,,,,,,,,,,,,,,,,,,36300000.000
SuppliesAndPostageExpense,1036000.000,979000.000,916000.000,954000.000,1050000.000,863000.000,894000.000,644000.000,882000.000,776000.000,876000.000,938000.000,993000.000,1049000.000,1293000.000,1280000.000,1298000.000,1451000.000,1353000.000,1370000.000
TransferToInvestments,,,,,,,,,,34437000.000,,,,,,,,,,
TransferToOtherRealEstate,,,,,,,,,,,,,,,,,,,,561000.000
UnrealizedGainLossOnCashFlowHedgingInstruments,,,-4855000.000,-3943000.000,,,,,,,,,,,,,,,,
ValuationAllowancesAndReservesChargedToCostAndExpense,,,1008000.000,2394000.000,,,,,,,,,,,,,,,,
ValuationAllowancesAndReservesDeductions,,,6882000.000,2938000.000,,,,,,,,,,,,,,,,
WeightedAverageNumberOfDilutedSharesOutstanding,57599000.000,,57840000.000,57880000.000,,58081000.000,58141000.000,59202000.000,-116579000.000,60061000.000,60779000.000,60909000.000,62553.000,66300000.000,-61779553.000,72166.000,72207000.000,71561000.000,-71925166.000,71708000.000
WeightedAverageNumberOfShareOutstandingBasicAndDiluted,,,,57880000.000,,58081000.000,58141000.000,,,,,,,,,,,,,
WeightedAverageNumberOfSharesOutstandingBasic,57599000.000,,57840000.000,57880000.000,,58081000.000,58141000.000,59100000.000,-116535000.000,60059000.000,60776000.000,60905000.000,62549.000,66294000.000,-61773549.000,72162.000,72202000.000,71556000.000,-71920162.000,71700000.000
