,2011-06-30,2011-09-30,2012-03-31,2012-06-30,2012-09-30,2012-12-31,2013-03-31,2013-06-30,2013-09-30,2013-12-31,2014-03-31,2014-06-30,2014-09-30,2014-12-31,2015-03-31,2015-06-30,2015-09-30,2015-12-31,2016-03-31,2016-06-30,2016-09-30,2016-12-31,2017-03-31
AccretionExpense,,,100000.000,,,,,,,,,,,,,,,,,,,,
AllocatedShareBasedCompensationExpense,,,,,,,,,,,,,,,,,,,,,,,634000.000
BusinessAcquisitionProFormaEarningsPerShareBasic,,,,,,,,,,,0.470,-0.460,-1.400,,,,,,,,,,
BusinessAcquisitionProFormaEarningsPerShareDiluted,,,,,,,,,,,0.470,-0.460,-1.400,,,,,,,,,,
BusinessAcquisitionsProFormaIncomeLossFromContinuingOperationsBeforeChangesInAccountingAndExtraordinaryItemsNetOfTax,,,,,,,,,,,23747000.000,2867000.000,-72757000.000,-68203000.000,,,,,,,,,
BusinessAcquisitionsProFormaNetIncomeLoss,,,,,,,,,,,77968000.000,-73073000.000,-214305000.000,82918000.000,,,,,,,,,
BusinessAcquisitionsProFormaRevenue,,,,,,,,,,,153882000.000,134613000.000,79838000.000,150409000.000,,,,,,,,,
BusinessExitCosts1,,,,,,,,,,,,,,,1913000.000,0.000,-296000.000,,,0.000,0.000,,
CapitalExpendituresIncurredButNotYetPaid,,,,,,,,,,,,,,,7018000.000,,,,179000.000,,,,730000.000
CapitalLeaseObligationsIncurred,,,,,,,,,,,1952000.000,,,,1178000.000,,,,0.000,,,,
CashAcquiredFromAcquisition,,,,,,,,,,,609000.000,,,,,,,,,,,,
CashAndCashEquivalentsPeriodIncreaseDecrease,,,44694000.000,,,,5604000.000,,,,49250000.000,,,,-29170000.000,,,,-8263000.000,,,,-3012000.000
ComprehensiveIncomeNetOfTax,,,11659000.000,10710000.000,17104000.000,28149000.000,-1781000.000,-70378000.000,-194934000.000,21981000.000,75318000.000,3133000.000,-26407000.000,-181965000.000,-56609000.000,58022000.000,-21748000.000,-6761000.000,-36476000.000,-28079000.000,616000.000,-8176000.000,-22825000.000
ComprehensiveIncomeNetOfTaxAttributableToNoncontrollingInterest,,,113000.000,-281000.000,-42000.000,-279000.000,-76000.000,59000.000,-498000.000,-143000.000,470000.000,1295000.000,-381000.000,-650000.000,-252000.000,-297000.000,227000.000,290000.000,-22000.000,79000.000,215000.000,149000.000,316000.000
ComprehensiveIncomeNetOfTaxIncludingPortionAttributableToNoncontrollingInterest,,,11546000.000,10429000.000,17062000.000,28096000.000,-1857000.000,-70319000.000,-195432000.000,21838000.000,75788000.000,4428000.000,-26788000.000,-182615000.000,-56861000.000,57725000.000,-21521000.000,-6471000.000,-36498000.000,-28000000.000,831000.000,-8027000.000,-22509000.000
CostOfGoodsAndServicesSold,,,,,,,,,,,87844000.000,83252000.000,77317000.000,198922000.000,56366000.000,46930000.000,55566000.000,54648000.000,31595000.000,31299000.000,46857000.000,27025000.000,26455000.000
CostOfGoodsSold,17624000.000,21568000.000,23148000.000,15950000.000,21229000.000,30865000.000,25507000.000,17332000.000,42686000.000,26821000.000,15773000.000,14911000.000,17032000.000,20892000.000,10832000.000,8113000.000,7683000.000,6667000.000,5758000.000,4124000.000,6163000.000,4968000.000,4156000.000
CostOfServices,37277000.000,50028000.000,47406000.000,43321000.000,59136000.000,69461000.000,69273000.000,66965000.000,52256000.000,89014000.000,72071000.000,68341000.000,60285000.000,77930000.000,45534000.000,38817000.000,47883000.000,47582000.000,25837000.000,27175000.000,40694000.000,22057000.000,22299000.000
DeferredIncomeTaxExpenseBenefit,,,-1063000.000,,,,-6150000.000,,,,-884000.000,,,,-12000.000,,,,54000.000,,,,-1909000.000
DepreciationAndAmortization,,,3090000.000,,,,4200000.000,,,,7904000.000,,,,6525000.000,,,,5672000.000,,,,4677000.000
DisposalGroupNotDiscontinuedOperationGainLossOnDisposal,,,,,,,,,,,,6522000.000,0.000,,,0.000,0.000,,,,,,
DividendsPreferredStock,338000.000,338000.000,338000.000,338000.000,338000.000,338000.000,338000.000,338000.000,338000.000,0.000,0.000,0.000,0.000,0.000,,,,,,,,,
EarningsPerShareBasic,0.020,0.060,0.050,0.080,0.100,0.170,0.010,-0.450,-1.290,0.140,0.460,0.010,-0.150,-1.100,-0.340,0.340,-0.120,-2.170,-3.300,-2.220,0.140,-0.330,-1.980
EarningsPerShareBasicAndDiluted,,,0.050,,,,,,,,,,,,,,,,,,,,
EarningsPerShareDiluted,0.020,0.060,0.050,0.080,0.090,0.170,0.010,-0.450,-1.290,0.140,0.460,0.010,-0.150,-1.100,-0.340,0.340,-0.120,-2.170,-3.300,-2.220,0.140,-0.330,-1.980
EffectOfExchangeRateOnCashAndCashEquivalents,,,216000.000,,,,-891000.000,,,,-24000.000,,,,396000.000,,,,329000.000,,,,409000.000
EffectiveIncomeTaxRateContinuingOperations,,,0.289,0.257,0.285,,0.400,0.354,-0.406,,0.064,0.208,-0.503,,-0.018,0.009,-0.115,,-0.008,-0.098,0.634,,0.018
ForeignCurrencyTransactionGainLossBeforeTax,,,,,,,,,,,,,,,,,,,,,-2774000.000,,
GainLossOnInvestments,,,,,,,,3591000.000,0.000,,,0.000,0.000,,,,,,,,,,
GainLossRelatedToLitigationSettlement,,,,,,,,,0.000,,,,,,,,,,,,,,
GainsLossesOnExtinguishmentOfDebt,,,,,,,,,,,,,,,,,,,,-2182000.000,0.000,,
GeneralAndAdministrativeExpense,11087000.000,11038000.000,14370000.000,14011000.000,15314000.000,28259000.000,15764000.000,11793000.000,22720000.000,16315000.000,18931000.000,14221000.000,15182000.000,27843000.000,15348000.000,14677000.000,10541000.000,11131000.000,11580000.000,11996000.000,10990000.000,9433000.000,12032000.000
GrossProfit,33631000.000,44058000.000,41156000.000,45943000.000,55958000.000,72744000.000,34957000.000,36618000.000,-15104000.000,102842000.000,56854000.000,38228000.000,29223000.000,-62082000.000,-15788000.000,-10135000.000,11108000.000,22818000.000,-8930000.000,4853000.000,31765000.000,8344000.000,6101000.000
IncomeLossFromContinuingOperationsBeforeIncomeTaxesExtraordinaryItemsNoncontrollingInterest,3937000.000,12502000.000,11907000.000,16280000.000,21192000.000,37304000.000,3000000.000,-109442000.000,-140302000.000,25946000.000,81712000.000,3136000.000,-16577000.000,-175207000.000,-54533000.000,56304000.000,-18074000.000,-4807000.000,-34743000.000,-23007000.000,5230000.000,-7786000.000,-23444000.000
IncomeLossFromEquityMethodInvestments,-4173000.000,-4811000.000,2468000.000,3777000.000,-1684000.000,-4264000.000,1116000.000,-6338000.000,-5192000.000,-31906000.000,-1688000.000,-1781000.000,-5558000.000,-9760000.000,0.000,0.000,0.000,,0.000,0.000,0.000,,0.000
IncomeTaxExpenseBenefit,1085000.000,3484000.000,3445000.000,4184000.000,6037000.000,10191000.000,1201000.000,-38705000.000,56954000.000,6270000.000,5263000.000,653000.000,8345000.000,6321000.000,983000.000,532000.000,2082000.000,447000.000,293000.000,2256000.000,3316000.000,-1444000.000,-418000.000
IncomeTaxReconciliationChangeInDeferredTaxAssetsValuationAllowance,,,,,,,,,96117000.000,,,,,,,,,,,,,,
IncomeTaxReconciliationForeignIncomeTaxRateDifferential,,,,,,,,,9124000.000,,,,,,,,,,,,,,
IncomeTaxReconciliationIncomeTaxExpenseBenefitAtFederalStatutoryIncomeTaxRate,,,,,,,,,-49106000.000,,,,,,,,,,,,,,
IncomeTaxReconciliationNondeductibleExpense,,,,,,,,,819000.000,,,,,,,,,,,,,,
IncomeTaxesPaidNet,,,,,,,,,,,,,,,5041000.000,,,,-762000.000,,,,819000.000
IncreaseDecreaseInAccountsPayableAndAccruedLiabilities,,,-13025000.000,,,,-28686000.000,,,,-5359000.000,,,,-39144000.000,,,,-10558000.000,,,,-2488000.000
IncreaseDecreaseInAccountsPayableRelatedParties,,,,,,,,,,,0.000,,,,0.000,,,,0.000,,,,0.000
IncreaseDecreaseInAccountsReceivable,,,-61018000.000,,,,-35307000.000,,,,-60646000.000,,,,-74388000.000,,,,-29211000.000,,,,-4756000.000
IncreaseDecreaseInDeferredRevenue,,,-4736000.000,,,,-7153000.000,,,,-4678000.000,,,,3137000.000,,,,-527000.000,,,,7193000.000
IncreaseDecreaseInInventories,,,-965000.000,,,,-1381000.000,,,,144000.000,,,,468000.000,,,,-350000.000,,,,274000.000
IncreaseDecreaseInOtherOperatingCapitalNet,,,1491000.000,,,,-2155000.000,,,,3541000.000,,,,862000.000,,,,-3219000.000,,,,-3510000.000
IncreaseDecreaseInUnbilledReceivables,,,23016000.000,,,,-11938000.000,,,,18945000.000,,,,1523000.000,,,,-2212000.000,,,,5348000.000
IncrementalCommonSharesAttributableToConversionOfPreferredStock,,,,,,,,0.000,0.000,,,,,,,,,,,,,,
IncrementalCommonSharesAttributableToShareBasedPaymentArrangements,,,1004000.000,,,,850000.000,0.000,0.000,,214000.000,360000.000,0.000,,0.000,19000.000,0.000,,,0.000,121000.000,,
InterestExpense,1187000.000,,,,,,,,,,,,,,,,,,,,,,
InterestIncomeExpenseNet,,-1382000.000,,,,,,,,,,,,,,,,,,,,,
InterestIncomeExpenseNonoperatingNet,,,-1518000.000,-1364000.000,-1237000.000,-1146000.000,-1066000.000,-2756000.000,-4281000.000,-4241000.000,-4797000.000,-4934000.000,-5048000.000,-4603000.000,-4625000.000,-4607000.000,-4854000.000,-4667000.000,-4734000.000,-4702000.000,-4607000.000,-4442000.000,-4464000.000
InterestIncomeRelatedParty,,,,,,,,,,,0.000,0.000,0.000,0.000,0.000,0.000,0.000,0.000,0.000,0.000,0.000,0.000,0.000
InterestPaid,,,,,,,,,,,,,,,497000.000,,,,154000.000,,,,206000.000
InventoryWriteDown,,,,,,,,,,,,,,,-4900000.000,,,,,,,,
LineOfCreditFacilityPeriodicPayment,,,1000000.000,,,,,,,,,,,,,,,,,,,,
LossContingencyAccrualCarryingValuePeriodIncreaseDecrease,,,,,,,,,,,,,,,,-101978000.000,0.000,,,0.000,0.000,,5000000.000
LossContingencyAccrualCarryingValueProvision,,,,,,,,-110000000.000,,,,,,,,,,,,,,,
LossContingencyAccrualProvision,,,,,,,,,71776000.000,,-69557000.000,0.000,0.000,0.000,0.000,,,,,,,,
NetCashProvidedByUsedInFinancingActivities,,,-1067000.000,,,,-120000.000,,,,12411000.000,,,,-2035000.000,,,,-4478000.000,,,,-1992000.000
NetCashProvidedByUsedInFinancingActivitiesContinuingOperations,,,-1067000.000,,,,-120000.000,,,,12411000.000,,,,-2035000.000,,,,-4478000.000,,,,-1992000.000
NetCashProvidedByUsedInInvestingActivities,,,-6295000.000,,,,-27663000.000,,,,-25819000.000,,,,-20825000.000,,,,-6593000.000,,,,-3412000.000
NetCashProvidedByUsedInInvestingActivitiesContinuingOperations,,,-6295000.000,,,,-27663000.000,,,,-25819000.000,,,,-20825000.000,,,,-6593000.000,,,,-3412000.000
NetCashProvidedByUsedInOperatingActivities,,,51840000.000,,,,34278000.000,,,,62682000.000,,,,-6706000.000,,,,2479000.000,,,,1983000.000
NetCashProvidedByUsedInOperatingActivitiesContinuingOperations,,,51840000.000,,,,34278000.000,,,,62682000.000,,,,-6706000.000,,,,2479000.000,,,,1983000.000
NetIncomeLoss,2896000.000,9052000.000,8575000.000,12377000.000,15197000.000,27166000.000,1875000.000,-70796000.000,-196758000.000,19819000.000,75979000.000,1188000.000,-24541000.000,-180878000.000,-55264000.000,56069000.000,-20383000.000,-5544000.000,-35014000.000,-25342000.000,1699000.000,-6491000.000,-23342000.000
NetIncomeLossAttributableToNoncontrollingInterest,-44000.000,-34000.000,-113000.000,-281000.000,-42000.000,-53000.000,-76000.000,59000.000,-498000.000,-143000.000,470000.000,1295000.000,-381000.000,-650000.000,-252000.000,-297000.000,227000.000,290000.000,-22000.000,79000.000,215000.000,149000.000,316000.000
NetIncomeLossAvailableToCommonStockholdersBasic,2558000.000,8714000.000,8237000.000,12039000.000,14859000.000,26828000.000,1537000.000,-71134000.000,-202096000.000,19819000.000,75979000.000,1188000.000,-24541000.000,-180878000.000,,,,,,,,,
NonoperatingIncomeExpense,,,,,,,,,,,,,,,,,,,,-1717000.000,-2027000.000,,-5068000.000
OperatingExpenses,24831000.000,25562000.000,29513000.000,32971000.000,30909000.000,47881000.000,33034000.000,29848000.000,41424000.000,38611000.000,37183000.000,34443000.000,34572000.000,73954000.000,30901000.000,30554000.000,23982000.000,23198000.000,21199000.000,21441000.000,19901000.000,16662000.000,20013000.000
OperatingIncomeLoss,8800000.000,18496000.000,11643000.000,12972000.000,25049000.000,24863000.000,1923000.000,6770000.000,-56528000.000,64231000.000,19671000.000,3785000.000,-5349000.000,-136036000.000,-46689000.000,-40689000.000,-12874000.000,-380000.000,-30129000.000,-16588000.000,11864000.000,-8318000.000,-13912000.000
OtherComprehensiveIncomeForeignCurrencyTransactionAndTranslationAdjustmentNetOfTaxPortionAttributableToNoncontrollingInterest,,,-7000.000,,,,,,,,,,,,,,,,,,,,
OtherComprehensiveIncomeForeignCurrencyTranslationAdjustmentTaxPortionAttributableToParent,,,-1767000.000,1503000.000,-2707000.000,215000.000,3641000.000,-597000.000,-2513000.000,-1244000.000,-486000.000,-2635000.000,2632000.000,,1345000.000,-1953000.000,,,,,,,
OtherComprehensiveIncomeLossForeignCurrencyTransactionAndTranslationAdjustmentNetOfTax,,,,,,,,,,,,,,,,,-1365000.000,,-1462000.000,-2737000.000,-1083000.000,-1678000.000,517000.000
OtherComprehensiveIncomeLossNetOfTax,,,,,1907000.000,,-3656000.000,418000.000,1824000.000,2162000.000,-661000.000,1945000.000,-1866000.000,-1087000.000,-1345000.000,1953000.000,-1365000.000,-1217000.000,-1462000.000,-2737000.000,,,
OtherComprehensiveIncomeLossNetOfTaxPeriodIncreaseDecrease,,,3084000.000,-1667000.000,,,,,,,,,,,,,,,,,,,
OtherComprehensiveIncomeUnrealizedHoldingGainLossOnSecuritiesArisingDuringPeriodNetOfTax,,,962000.000,-499000.000,-80000.000,42000.000,-68000.000,245000.000,0.000,100000.000,,,,,,,,,,,,,
OtherNonoperatingExpense,,,,,,,,,,,,,,,1306000.000,378000.000,642000.000,1377000.000,,,,,
OtherNonoperatingIncomeExpense,497000.000,199000.000,-686000.000,895000.000,-936000.000,17851000.000,1027000.000,-107118000.000,-74301000.000,-2138000.000,68526000.000,6066000.000,-622000.000,5890000.000,-3219000.000,101600000.000,-346000.000,240000.000,120000.000,465000.000,747000.000,18000.000,-68000.000
PaymentsForProceedsFromOtherInvestingActivities,,,,,,,-76000.000,,,,-605000.000,,,,-257000.000,,,,0.000,,,,
PaymentsForProceedsFromShortTermInvestments,,,-20000000.000,,,,,,,,,,,,,,,,,,,,
PaymentsForRepurchaseOfCommonStock,,,,,,,,,,,,,,,,,,,,,,,0.000
PaymentsOfDebtIssuanceCosts,,,,,,,,,,,,,,,,,,,1315000.000,,,,0.000
PaymentsOfDividendsPreferredStockAndPreferenceStock,,,338000.000,,,,338000.000,,,,0.000,,,,,,,,,,,,
PaymentsOfStockIssuanceCosts,,,,,,,,,,,,,,,,,,,,,,,123000.000
PaymentsToAcquireEquityMethodInvestments,,,,,,,9500000.000,,,,3683000.000,,,,0.000,,,,,,,,
PaymentsToAcquireOtherInvestments,,,,,,,1000000.000,,,,0.000,,,,,,,,,,,,
PaymentsToAcquirePropertyPlantAndEquipment,,,1768000.000,,,,3969000.000,,,,1997000.000,,,,11994000.000,,,,266000.000,,,,49000.000
ProceedsFromLongTermLinesOfCredit,,,,,,,,,,,15000000.000,,,,0.000,,,,,,,,
ProceedsFromMinorityShareholders,,,68000.000,,,,,,,,,,,,,,,,,,,,
ProceedsFromPaymentsForOtherFinancingActivities,,,385000.000,,,,350000.000,,,,-80000.000,,,,31000.000,,,,13000.000,,,,-163000.000
ProceedsFromRepaymentsOfRelatedPartyDebt,,,,,,,,,,,1000000.000,,,,0.000,,,,,,,,
ProceedsFromSaleMaturityAndCollectionsOfInvestments,,,,,,,0.000,,,,,,,,,,,,,,,,
ProceedsFromStockOptionsExercised,,,249000.000,,,,716000.000,,,,246000.000,,,,,,,,,,,,
ProfitLoss,2852000.000,9018000.000,8462000.000,12096000.000,15155000.000,27113000.000,1799000.000,-70737000.000,-197256000.000,19676000.000,76449000.000,2483000.000,-24922000.000,-181528000.000,-55516000.000,55772000.000,-20156000.000,-5254000.000,-35036000.000,-25263000.000,1914000.000,-6342000.000,-23026000.000
RelatedPartyTransactionRevenuesFromTransactionsWithRelatedParty,,,6100000.000,4100000.000,,,,,,,,,,,,,,,,,,,
RepaymentsOfLinesOfCredit,,,,,,,,,,,,,,,,,,,964000.000,,,,
RepaymentsOfLongTermDebt,,,1431000.000,,,,848000.000,,,,2755000.000,,,,2066000.000,,,,2212000.000,,,,1706000.000
RepaymentsOfLongTermLinesOfCredit,,,,,,,,,,,,,,,,,,,964000.000,,,,
ResearchAndDevelopmentExpense,5906000.000,6325000.000,7726000.000,10306000.000,7504000.000,8544000.000,9290000.000,9087000.000,10288000.000,9077000.000,9039000.000,10305000.000,10910000.000,10755000.000,7720000.000,7239000.000,6537000.000,4949000.000,5609000.000,4761000.000,4231000.000,3232000.000,3495000.000
RestructuringCharges,,,,,,,,,,,,,,,3752000.000,,,,,,,,
RestructuringReserveSettledWithCash,,,300000.000,,,,,,,,,,,,,,,,,,,,
RevenueFromRelatedParties,,,,,900000.000,,,,,,,,,,,,,,,,,,
Revenues,88532000.000,115654000.000,111710000.000,105214000.000,136323000.000,173070000.000,129737000.000,120915000.000,79838000.000,218677000.000,144698000.000,121480000.000,106540000.000,136840000.000,40578000.000,36795000.000,66674000.000,77466000.000,22665000.000,36152000.000,78622000.000,35369000.000,32556000.000
SalesRevenueGoodsNet,39016000.000,41760000.000,45076000.000,32370000.000,43300000.000,50988000.000,39788000.000,31312000.000,35159000.000,51591000.000,34002000.000,31713000.000,34617000.000,24288000.000,20498000.000,13472000.000,13159000.000,13904000.000,9509000.000,10722000.000,12708000.000,9229000.000,8728000.000
SalesRevenueNet,88532000.000,115654000.000,111710000.000,105214000.000,136323000.000,173070000.000,129737000.000,120915000.000,79838000.000,218677000.000,144698000.000,121480000.000,106540000.000,136840000.000,40578000.000,36795000.000,66674000.000,77466000.000,22665000.000,36152000.000,78622000.000,35369000.000,32556000.000
SalesRevenueServicesNet,49516000.000,73894000.000,66634000.000,72844000.000,93023000.000,122082000.000,89949000.000,89603000.000,44679000.000,167086000.000,110696000.000,89767000.000,71923000.000,112552000.000,20080000.000,23323000.000,53515000.000,63562000.000,13156000.000,25430000.000,65914000.000,26140000.000,23828000.000
SellingAndMarketingExpense,7838000.000,8199000.000,7417000.000,8654000.000,8091000.000,11078000.000,7980000.000,8968000.000,8416000.000,13219000.000,9213000.000,9917000.000,8480000.000,12072000.000,7833000.000,8638000.000,6904000.000,7118000.000,4010000.000,4684000.000,4680000.000,3997000.000,4486000.000
ShareBasedCompensation,,,1484000.000,,,,2011000.000,,,,2777000.000,,,,1480000.000,,,,743000.000,,,,
TaxAdjustmentsSettlementsAndUnusualProvisions,,,,,,,1200000.000,,,,,,,,,,,,,,,,
WeightedAverageNumberOfDilutedSharesOutstanding,156553000.000,162227000.000,156547000.000,162575000.000,162852000.000,-319209000.000,157315000.000,156910000.000,157143000.000,-312862000.000,164061000.000,164423000.000,164149000.000,-328544000.000,164567000.000,164712000.000,164755000.000,-483077000.000,10600000.000,11415000.000,11907000.000,-22522000.000,11818000.000
WeightedAverageNumberOfSharesOutstandingBasic,155096000.000,155166000.000,155543000.000,155631000.000,155918000.000,-311291000.000,156465000.000,156910000.000,157143000.000,-312012000.000,163847000.000,164063000.000,164149000.000,-327970000.000,164567000.000,164693000.000,164755000.000,-483058000.000,10600000.000,11415000.000,11786000.000,-22401000.000,11818000.000
