,2011-03-31,2011-06-30,2011-09-30,2011-12-31,2012-03-31,2012-06-30,2012-09-30,2012-12-31,2013-03-31,2013-06-30,2013-09-30,2013-12-31,2014-03-31,2014-06-30,2014-09-30,2014-12-31,2015-03-31,2015-06-30,2015-09-30,2015-12-31,2016-03-31,2016-06-30,2016-09-30,2016-12-31,2017-03-31,2017-06-30
AmortizationOfIntangibleAssets,,,,,,,84000000.000,,82000000.000,81000000.000,80000000.000,87000000.000,86000000.000,86000000.000,88000000.000,84000000.000,88000000.000,93000000.000,88000000.000,85000000.000,89000000.000,160000000.000,156000000.000,162000000.000,169000000.000,167000000.000
AntidilutiveSecuritiesExcludedFromComputationOfEarningsPerShareAmount,,,,,,,,,,,,,,,,,16000000.000,11000000.000,20000000.000,,32000000.000,49000000.000,24000000.000,,23000000.000,49000000.000
BusinessAcquisitionProFormaEarningsPerShareDiluted,,,,,,,,,,,,,,,,,,,,,,-1.370,0.250,,,
BusinessAcquisitionsProFormaNetIncomeLoss,,,,,,,,,,,,,,,,,,,,,,-1905000000.000,353000000.000,,,
BusinessAcquisitionsProFormaRevenue,,,,,,,,,,,,,,,,,,,,,,7164000000.000,7019000000.000,,,
BusinessCombinationBargainPurchaseGainRecognizedAmount,,,,,,,,,,1028000000.000,,,,,,,,,,,,,,,,
BusinessCombinationIntegrationRelatedCosts,,,,,,,,,,,,,,,,,,,,,,335000000.000,237000000.000,,82000000.000,81000000.000
CashAndCashEquivalentsPeriodIncreaseDecrease,-296000000.000,,,,-369000000.000,,,,228000000.000,,,,301000000.000,,,,,,,,,,,,,
CashPeriodIncreaseDecrease,,,,,,,,,,,,,,,,,-992000000.000,,,,,,,,,
CashPeriodIncreaseDecreaseExcludingExchangeRateEffect,,,,,,,,,,,,,,,,,,,,,-716000000.000,,,,-1036000000.000,
CashProvidedByUsedInOperatingActivitiesDiscontinuedOperations,,,,,,,,,,,,,0.000,,,,,,,,,,,,,
CommonStockDividendsPerShareDeclared,0.250,,,,0.275,,,,,,,,,,,,,,,,,,,,,
ComprehensiveIncomeNetOfTax,,,,,1493000000.000,1195000000.000,1672000000.000,799000000.000,1271000000.000,2050000000.000,1908000000.000,2837000000.000,1591000000.000,1751000000.000,1607000000.000,-1163000000.000,896000000.000,1301000000.000,904000000.000,-1381000000.000,593000000.000,-2174000000.000,268000000.000,-459000000.000,393000000.000,-103000000.000
ComprehensiveIncomeNetOfTaxAttributableToNoncontrollingInterest,,,,,9000000.000,12000000.000,3000000.000,5000000.000,8000000.000,5000000.000,10000000.000,19000000.000,16000000.000,21000000.000,15000000.000,16000000.000,13000000.000,10000000.000,14000000.000,26000000.000,22000000.000,14000000.000,14000000.000,10000000.000,5000000.000,-7000000.000
ComprehensiveIncomeNetOfTaxIncludingPortionAttributableToNoncontrollingInterest,1070000000.000,,,,1502000000.000,1207000000.000,1675000000.000,804000000.000,1279000000.000,2055000000.000,1918000000.000,2856000000.000,1607000000.000,1772000000.000,1622000000.000,-1147000000.000,909000000.000,1311000000.000,918000000.000,-1355000000.000,615000000.000,-2160000000.000,282000000.000,-449000000.000,398000000.000,-110000000.000
CostOfGoodsAndServicesSold,,,,,,8162000000.000,8290000000.000,,8442000000.000,8712000000.000,8926000000.000,9251000000.000,8745000000.000,9269000000.000,9689000000.000,9695000000.000,8096000000.000,7136000000.000,6798000000.000,6291000000.000,5460000000.000,,,,,
CostOfGoodsSold,,,,,,,,,,,,,,,,,,,,,,1983000000.000,1787000000.000,,1825000000.000,1844000000.000
CostOfServices,,,,,,,,,,,,,,,,,,,,,,4332000000.000,4355000000.000,,4251000000.000,4624000000.000
CurrentFederalTaxExpenseBenefit,155000000.000,296000000.000,102000000.000,289000000.000,199000000.000,171000000.000,195000000.000,133000000.000,116000000.000,203000000.000,116000000.000,247000000.000,147000000.000,131000000.000,202000000.000,238000000.000,75000000.000,41000000.000,31000000.000,-57000000.000,40000000.000,,,,,
CurrentForeignTaxExpenseBenefit,64000000.000,170000000.000,224000000.000,235000000.000,212000000.000,269000000.000,289000000.000,278000000.000,254000000.000,298000000.000,313000000.000,346000000.000,336000000.000,355000000.000,342000000.000,347000000.000,248000000.000,302000000.000,280000000.000,255000000.000,217000000.000,,,,,
CurrentIncomeTaxExpenseBenefit,235000000.000,462000000.000,342000000.000,541000000.000,429000000.000,458000000.000,500000000.000,412000000.000,385000000.000,521000000.000,445000000.000,602000000.000,490000000.000,498000000.000,563000000.000,598000000.000,328000000.000,352000000.000,319000000.000,188000000.000,258000000.000,,,,,
CurrentStateAndLocalTaxExpenseBenefit,16000000.000,-4000000.000,16000000.000,17000000.000,18000000.000,18000000.000,16000000.000,1000000.000,15000000.000,20000000.000,16000000.000,9000000.000,7000000.000,12000000.000,19000000.000,13000000.000,5000000.000,9000000.000,8000000.000,-10000000.000,1000000.000,,,,,
DeferredFederalIncomeTaxExpenseBenefit,-29000000.000,-96000000.000,86000000.000,-41000000.000,-34000000.000,9000000.000,-66000000.000,-14000000.000,18000000.000,-42000000.000,36000000.000,-121000000.000,7000000.000,4000000.000,-38000000.000,-167000000.000,-26000000.000,-3000000.000,-67000000.000,-260000000.000,-116000000.000,,,,,
DeferredForeignIncomeTaxExpenseBenefit,93000000.000,20000000.000,-20000000.000,-20000000.000,19000000.000,-27000000.000,10000000.000,20000000.000,9000000.000,-7000000.000,26000000.000,6000000.000,-27000000.000,1000000.000,35000000.000,-21000000.000,4000000.000,-25000000.000,4000000.000,-35000000.000,-35000000.000,,,,,
DeferredIncomeTaxExpenseBenefit,60000000.000,,,,-18000000.000,,,,27000000.000,,,,,,,,-22000000.000,-50000000.000,-69000000.000,-300000000.000,-159000000.000,,,,,
DeferredStateAndLocalIncomeTaxExpenseBenefit,3000000.000,-14000000.000,4000000.000,0.000,-3000000.000,1000000.000,-2000000.000,-3000000.000,,-3000000.000,2000000.000,,-1000000.000,3000000.000,-4000000.000,-7000000.000,,-1000000.000,-6000000.000,,-7000000.000,,,,,
Depreciation,661000000.000,669000000.000,689000000.000,681000000.000,701000000.000,714000000.000,730000000.000,755000000.000,761000000.000,776000000.000,788000000.000,775000000.000,793000000.000,800000000.000,821000000.000,786000000.000,827000000.000,819000000.000,798000000.000,756000000.000,682000000.000,744000000.000,627000000.000,647000000.000,613000000.000,592000000.000
DepreciationDepletionAndAmortization,788000000.000,,,,853000000.000,,,,896000000.000,,,,932000000.000,,,,1042000000.000,,,,967000000.000,,,,989000000.000,
DerivativeInstrumentsGainLossReclassifiedFromAccumulatedOCIIntoIncomeEffectivePortionNet,227000000.000,95000000.000,-165000000.000,-165000000.000,110000000.000,-260000000.000,,,17000000.000,,,,74000000.000,,,,,,,,,,,,,
DerivativeInstrumentsGainLossRecognizedInOtherComprehensiveIncomeEffectivePortionNet,191000000.000,,,,,,,,,,,,,,,,,,,,,,,,,
DiscontinuedOperationGainLossOnDisposalOfDiscontinuedOperationNetOfTax,,,,,,16000000.000,12000000.000,,,,,,,,,,,,,,,,,,,
DiscontinuedOperationIncomeLossFromDiscontinuedOperationBeforeIncomeTax,,,,,,8000000.000,,,,-124000000.000,,,,-205000000.000,,,,,,,,,,,,
DiscontinuedOperationTaxEffectOfDiscontinuedOperation,,,,,,3000000.000,,,,,,,,,,,,,,,,,,,,
DisposalGroupIncludingDiscontinuedOperationRevenue,,,,,,289000000.000,,,,4000000.000,,,,,,,,,,,,,,,,
DividendsCash,-340000000.000,,,,367000000.000,,,,417000000.000,,,,522000000.000,,,,639000000.000,,,,626000000.000,,,,697000000.000,
EarningsPerShareBasic,0.690,0.990,0.970,1.050,0.980,1.050,1.070,1.030,0.950,1.580,1.300,1.260,1.220,1.230,1.510,0.240,0.760,0.890,0.780,-0.800,0.400,-1.560,0.130,-0.210,0.200,-0.050
EarningsPerShareDiluted,0.690,0.980,0.960,1.040,0.970,1.050,1.070,1.010,0.940,1.570,1.290,1.250,1.210,1.210,1.490,0.250,0.760,0.880,0.780,-0.790,0.400,-1.560,0.130,-0.210,0.200,-0.050
EffectOfExchangeRateOnCash,,,,,,,,,,,,,,,,,,,,,3000000.000,,,,9000000.000,
EffectOfExchangeRateOnCashAndCashEquivalents,7000000.000,,,,10000000.000,,,,-4000000.000,,,,-21000000.000,,,,,,,,,,,,,
EffectOfExchangeRateOnCashContinuingOperations,,,,,,,,,,,,,,,,,-17000000.000,,,,,,,,,
EffectiveIncomeTaxRateContinuingOperations,0.240,0.250,0.240,-0.490,0.240,0.240,0.240,-0.480,0.250,0.170,0.230,-0.440,0.230,0.220,0.220,-0.420,0.240,0.210,0.200,-0.390,0.160,0.150,,,,
EffectiveIncomeTaxRateReconciliationAtFederalStatutoryIncomeTaxRate,,,,,,,,,,,,,,,,,0.350,0.350,0.350,-0.700,0.350,0.350,0.350,-0.700,,
EffectiveIncomeTaxRateReconciliationForeignIncomeTaxRateDifferential,-0.110,-0.100,-0.100,0.410,-0.100,-0.110,-0.110,0.220,-0.120,-0.120,-0.120,0.240,-0.110,-0.110,-0.120,0.230,-0.120,-0.130,-0.120,0.240,-0.160,-0.180,,,,
EffectiveIncomeTaxRateReconciliationNondeductibleExpense,,,,,,,,,0.010,-0.060,,,,,,,,,,,,,,,,
EffectiveIncomeTaxRateReconciliationOtherAdjustments,-0.010,0.010,-0.020,0.030,-0.020,,,,,,,,-0.010,-0.020,-0.010,0.020,-0.020,-0.010,-0.030,0.040,-0.020,,,,,
EffectiveIncomeTaxRateReconciliationStateAndLocalIncomeTaxes,0.010,-0.010,1.000,,0.010,,,,0.010,,,,,,,,,,,,-0.010,,,,,
FiniteLivedIntangibleAssetsAmortizationExpense,84000000.000,79000000.000,81000000.000,81000000.000,80000000.000,80000000.000,,,,,,,,,,,,,,,,,,,,
FiniteLivedIntangibleAssetsWeightedAverageUsefulLife,21.000,,,,,,,,,,,,,,,,,,,,,,,,,
ForeignCurrencyCashFlowHedgeGainLossReclassifiedToEarningsNet,,,,,,,,,,,,,,,,,-130000000.000,,,,-30000000.000,,,,-8000000.000,
FutureAmortizationExpenseYearFive,260000000.000,,,,268000000.000,,,,,,,,,,,,,,,,,,,,,
FutureAmortizationExpenseYearFour,275000000.000,,,,287000000.000,,,,,,,,,,,,,,,,,,,,,
FutureAmortizationExpenseYearOne,311000000.000,,,,241000000.000,,,,,,,,,,,,,,,,,,,,,
FutureAmortizationExpenseYearThree,290000000.000,,,,298000000.000,,,,,,,,,,,,,,,,,,,,,
FutureAmortizationExpenseYearTwo,295000000.000,,,,304000000.000,,,,,,,,,,,,,,,,,,,,,
GainLossOnInvestments,,,0.000,,,,,,,,,,,,,,,,,,,,,,,
GeneralAndAdministrativeExpense,93000000.000,139000000.000,91000000.000,104000000.000,93000000.000,101000000.000,95000000.000,116000000.000,95000000.000,100000000.000,110000000.000,111000000.000,106000000.000,123000000.000,125000000.000,121000000.000,119000000.000,120000000.000,122000000.000,133000000.000,110000000.000,103000000.000,92000000.000,98000000.000,98000000.000,110000000.000
GoodwillAcquiredDuringPeriod,,,,,,,,,,,,,138000000.000,,,,51000000.000,,,,24000000.000,,,,,
GoodwillAllocationAdjustment,-20000000.000,,,,,,,,,,,,,,,,,,,,,,,,,
GoodwillPurchaseAccountingAdjustments,,,,,,,,,,,,,0.000,,,,,,,,,,,,,
GoodwillTranslationAndPurchaseAccountingAdjustments,46000000.000,,,,45000000.000,,,,-5000000.000,,,,-12000000.000,,,,-26000000.000,,,,20000000.000,,,,,
IncomeLossFromContinuingOperations,944000000.000,1119000000.000,1301000000.000,1413000000.000,1301000000.000,1382000000.000,1412000000.000,1344000000.000,1259000000.000,2219000000.000,1715000000.000,1608000000.000,1592000000.000,1800000000.000,1949000000.000,302000000.000,,1124000000.000,989000000.000,,,,,,,
IncomeLossFromContinuingOperationsBeforeIncomeTaxesDomestic,,,,,,,,,,,,,,,,,165000000.000,115000000.000,16000000.000,-987000000.000,-203000000.000,,,,,
IncomeLossFromContinuingOperationsBeforeIncomeTaxesExtraordinaryItemsNoncontrollingInterest,,1498000000.000,1717000000.000,,1721000000.000,1839000000.000,1857000000.000,1774000000.000,1679000000.000,2673000000.000,2231000000.000,2108000000.000,2077000000.000,2327000000.000,2520000000.000,715000000.000,1294000000.000,1436000000.000,1253000000.000,-1102000000.000,622000000.000,-2514000000.000,200000000.000,-213000000.000,334000000.000,17000000.000
IncomeLossFromContinuingOperationsBeforeIncomeTaxesForeign,,,,,,,,,,,,,,,,,1129000000.000,1321000000.000,1237000000.000,-115000000.000,825000000.000,,,,,
IncomeLossFromContinuingOperationsBeforeIncomeTaxesMinorityInterestAndIncomeLossFromEquityMethodInvestments,1238000000.000,1498000000.000,1717000000.000,1885000000.000,1721000000.000,1839000000.000,1857000000.000,1774000000.000,1679000000.000,2673000000.000,2231000000.000,2108000000.000,2077000000.000,2327000000.000,2520000000.000,,,,,,,,,,,
IncomeLossFromContinuingOperationsIncludingPortionAttributableToNoncontrollingInterest,,1124000000.000,1307000000.000,,,1394000000.000,1415000000.000,,1267000000.000,2224000000.000,1725000000.000,1627000000.000,1608000000.000,1821000000.000,1964000000.000,318000000.000,,1134000000.000,1003000000.000,,,,,,,
IncomeLossFromContinuingOperationsPerBasicShare,0.690,0.830,0.970,1.050,0.980,1.040,1.060,1.010,0.950,1.670,1.300,1.220,1.220,1.380,1.510,0.250,,0.890,0.780,,,,,,,
IncomeLossFromContinuingOperationsPerDilutedShare,0.690,0.820,0.960,1.040,0.970,1.030,1.060,1.000,0.940,1.660,1.290,1.210,1.210,1.370,1.490,0.240,,0.880,0.780,,,,,,,
IncomeLossFromDiscontinuedOperationsNetOfTax,,,,,,21000000.000,12000000.000,,,-124000000.000,,,0.000,-205000000.000,,,,,,,,,,,,
IncomeLossFromDiscontinuedOperationsNetOfTaxAttributableToReportingEntity,,220000000.000,0.000,,,21000000.000,12000000.000,,,-124000000.000,,,,-205000000.000,,,,,,,,,,,,
IncomeLossFromDiscontinuedOperationsNetOfTaxPerBasicShare,,0.160,0.000,,,0.020,0.010,,,-0.090,,,,-0.160,,,,,,,,,,,,
IncomeLossFromDiscontinuedOperationsNetOfTaxPerDilutedShare,,0.160,0.000,,,0.020,0.010,,,-0.090,,,,-0.160,,,,,,,,,,,,
IncomeLossFromEquityMethodInvestmentsNetOfDividendsOrDistributions,21000000.000,,,,37000000.000,,,,23000000.000,,,,61000000.000,,,,35000000.000,,,,25000000.000,,,,10000000.000,
IncomeTaxExpenseBenefit,295000000.000,374000000.000,410000000.000,466000000.000,411000000.000,445000000.000,442000000.000,425000000.000,412000000.000,449000000.000,506000000.000,481000000.000,469000000.000,506000000.000,556000000.000,397000000.000,306000000.000,302000000.000,250000000.000,-112000000.000,99000000.000,-368000000.000,10000000.000,-19000000.000,50000000.000,98000000.000
IncreaseDecreaseInAccountsPayableAndAccruedLiabilities,-177000000.000,,,,-267000000.000,,,,-593000000.000,,,,-592000000.000,,,,-1348000000.000,,,,-983000000.000,,,,-670000000.000,
IncreaseDecreaseInAccruedIncomeTaxesPayable,-99000000.000,,,,164000000.000,,,,127000000.000,,,,242000000.000,,,,-66000000.000,,,,-104000000.000,,,,-31000000.000,
IncreaseDecreaseInInventories,251000000.000,,,,399000000.000,,,,199000000.000,,,,137000000.000,,,,52000000.000,,,,-125000000.000,,,,33000000.000,
IncreaseDecreaseInOtherCurrentAssets,,,,,130000000.000,,,,31000000.000,,,,181000000.000,,,,97000000.000,,,,-85000000.000,,,,115000000.000,
IncreaseDecreaseInOtherNoncurrentAssets,,,,,,,,,,,,,164000000.000,,,,60000000.000,,,,-5000000.000,,,,56000000.000,
IncreaseDecreaseInOtherOperatingCapitalNet,-132000000.000,,,,-25000000.000,,,,35000000.000,,,,-92000000.000,,,,-149000000.000,,,,-125000000.000,,,,-90000000.000,
IncreaseDecreaseInOtherOperatingLiabilities,-41000000.000,,,,-16000000.000,,,,-5000000.000,,,,-20000000.000,,,,-57000000.000,,,,2000000.000,,,,-28000000.000,
IncreaseDecreaseInPensionAndPostretirementObligations,94000000.000,,,,97000000.000,,,,128000000.000,,,,86000000.000,,,,,,,,,,,,,
IncreaseDecreaseInReceivables,561000000.000,,,,875000000.000,,,,344000000.000,,,,202000000.000,,,,-793000000.000,,,,-414000000.000,,,,-58000000.000,
IncrementalCommonSharesAttributableToCallOptionsAndWarrants,13000000.000,11000000.000,9000000.000,-23000000.000,7000000.000,5000000.000,5000000.000,-12000000.000,6000000.000,5000000.000,7000000.000,-12000000.000,8000000.000,11000000.000,12000000.000,-22000000.000,5000000.000,7000000.000,3000000.000,-11000000.000,1000000.000,,4000000.000,,4000000.000,
IncrementalCommonSharesAttributableToNonvestedSharesWithForfeitableDividends,2000000.000,3000000.000,3000000.000,-6000000.000,3000000.000,3000000.000,3000000.000,-5000000.000,4000000.000,4000000.000,4000000.000,-8000000.000,4000000.000,4000000.000,4000000.000,-8000000.000,4000000.000,4000000.000,4000000.000,-8000000.000,4000000.000,,5000000.000,,5000000.000,
InterestExpense,73000000.000,69000000.000,70000000.000,86000000.000,80000000.000,78000000.000,89000000.000,93000000.000,98000000.000,98000000.000,98000000.000,97000000.000,103000000.000,90000000.000,90000000.000,86000000.000,82000000.000,86000000.000,86000000.000,92000000.000,133000000.000,149000000.000,149000000.000,139000000.000,139000000.000,142000000.000
InvestmentIncomeInterest,,0.000,1000000.000,,0.000,,,,,,,,,,,,,,,,,,,,,
MarketableSecuritiesUnrealizedGainLoss,,,,,,,,,72000000.000,11000000.000,-25000000.000,-23000000.000,11000000.000,19000000.000,-162000000.000,,,,,,,,,,,
MergerAndAcquisitionCosts,34000000.000,32000000.000,27000000.000,22000000.000,15000000.000,22000000.000,32000000.000,59000000.000,,,,,,,,,,,,,,,,,,
NetCashProvidedByUsedInDiscontinuedOperations,,,,,,,,,,,,,0.000,,,,,,,,,,,,,
NetCashProvidedByUsedInFinancingActivities,-747000000.000,,,,-356000000.000,,,,-785000000.000,,,,-1708000000.000,,,,-1525000000.000,,,,1587000000.000,,,,-1637000000.000,
NetCashProvidedByUsedInFinancingActivitiesContinuingOperations,-747000000.000,,,,-356000000.000,,,,-785000000.000,,,,-1708000000.000,,,,-1525000000.000,,,,1587000000.000,,,,-1637000000.000,
NetCashProvidedByUsedInInvestingActivities,-385000000.000,,,,-745000000.000,,,,-106000000.000,,,,374000000.000,,,,-1237000000.000,,,,-3513000000.000,,,,-55000000.000,
NetCashProvidedByUsedInInvestingActivitiesContinuingOperations,-385000000.000,,,,-745000000.000,,,,-106000000.000,,,,374000000.000,,,,-1237000000.000,,,,-3513000000.000,,,,-55000000.000,
NetCashProvidedByUsedInOperatingActivities,836000000.000,,,,732000000.000,,,,1119000000.000,,,,1635000000.000,,,,1770000000.000,,,,1210000000.000,,,,656000000.000,
NetCashProvidedByUsedInOperatingActivitiesContinuingOperations,836000000.000,,,,732000000.000,,,,1119000000.000,,,,1635000000.000,,,,1770000000.000,,,,1210000000.000,,,,656000000.000,
NetIncomeLoss,944000000.000,1339000000.000,1301000000.000,1413000000.000,1301000000.000,1403000000.000,1424000000.000,1362000000.000,1259000000.000,2095000000.000,1715000000.000,1663000000.000,1592000000.000,1595000000.000,1949000000.000,302000000.000,975000000.000,1124000000.000,989000000.000,-1016000000.000,501000000.000,-2160000000.000,176000000.000,-204000000.000,279000000.000,-74000000.000
NetIncomeLossAttributableToNoncontrollingInterest,-1000000.000,5000000.000,6000000.000,6000000.000,9000000.000,12000000.000,3000000.000,5000000.000,8000000.000,5000000.000,10000000.000,19000000.000,16000000.000,21000000.000,15000000.000,16000000.000,13000000.000,10000000.000,14000000.000,26000000.000,22000000.000,14000000.000,14000000.000,10000000.000,5000000.000,-7000000.000
NetIncomeLossAvailableToCommonStockholdersBasic,,,,,,,,,,,,,,,,,975000000.000,,,,501000000.000,-2160000000.000,176000000.000,,279000000.000,-74000000.000
NetIncomeLossAvailableToCommonStockholdersDiluted,944000000.000,1119000000.000,1301000000.000,1413000000.000,1301000000.000,1382000000.000,1412000000.000,1344000000.000,1259000000.000,2219000000.000,1715000000.000,1608000000.000,1592000000.000,1800000000.000,1949000000.000,302000000.000,975000000.000,1124000000.000,989000000.000,-1016000000.000,501000000.000,-2160000000.000,176000000.000,-204000000.000,279000000.000,-74000000.000
OperatingIncomeLoss,,,,,,,,,,,,,,,,,,,,,901000000.000,747000000.000,815000000.000,810000000.000,757000000.000,950000000.000
OtherAssetImpairmentCharges,,,,,,,,,,364000000.000,,,,,,,,,,,,,,,,
OtherComprehensiveIncomeAmortizationOfDefinedBenefitPlanNetPriorServiceCostCreditRecognizedInNetPeriodicBenefitCostBeforeTax,,,,,31000000.000,31000000.000,,,,,,,,,,,,,,,,,,,,
OtherComprehensiveIncomeDefinedBenefitPlansAdjustmentNetOfTaxPeriodIncreaseDecrease,,,,,36000000.000,,,,,,,,,,,,,,,,,,,,,
OtherComprehensiveIncomeDefinedBenefitPlansNetUnamortizedGainLossArisingDuringPeriodBeforeTax,,,,,28000000.000,-6000000.000,,,,,,,,,,,,,,,,,,,,
OtherComprehensiveIncomeDerivativesQualifyingAsHedgesNetOfTaxPeriodIncreaseDecrease,,,,,45000000.000,,,,,,,,,,,,,,,,,,,,,
OtherComprehensiveIncomeForeignCurrencyTransactionAndTranslationAdjustmentNetOfTaxPeriodIncreaseDecrease,,,,,111000000.000,,,,,,,,,,,,,,,,,,,,,
OtherComprehensiveIncomeForeignCurrencyTransactionAndTranslationGainLossArisingDuringPeriodNetOfTax,,,,,111000000.000,-204000000.000,138000000.000,31000000.000,-77000000.000,-157000000.000,95000000.000,-12000000.000,-88000000.000,58000000.000,-146000000.000,,,,,,,,,,,
OtherComprehensiveIncomeForeignCurrencyTransactionAndTranslationGainLossBeforeReclassificationAndTax,,,,,,,,,-77000000.000,,,,,,,,,,,,,,,,,
OtherComprehensiveIncomeLossAmortizationAdjustmentFromAOCIPensionAndOtherPostretirementBenefitPlansForNetPriorServiceCostCreditBeforeTax,,,,,,,,,,31000000.000,31000000.000,,32000000.000,24000000.000,40000000.000,32000000.000,27000000.000,24000000.000,25000000.000,25000000.000,25000000.000,26000000.000,25000000.000,26000000.000,20000000.000,20000000.000
OtherComprehensiveIncomeLossAmortizationPensionAndOtherPostretirementBenefitPlansNetPriorServiceCostRecognizedInNetPeriodicBenefitCostBeforeTax,,,,,,,-31000000.000,,-31000000.000,,,,,,,,,,,,,,,,,
OtherComprehensiveIncomeLossAvailableForSaleSecuritiesAdjustmentBeforeReclassificationAdjustmentsAndTax,,,,,,,,,72000000.000,,,,,,,,,,,,,,,,,
OtherComprehensiveIncomeLossAvailableForSaleSecuritiesAdjustmentNetOfTax,,,,,,,,,72000000.000,,,,,,,,-18000000.000,8000000.000,-26000000.000,26000000.000,3000000.000,,,,-4000000.000,
OtherComprehensiveIncomeLossBeforeReclassificationsBeforeTax,,,,,,,,,,,,,,,,,-283000000.000,,,,-65000000.000,,,,52000000.000,
OtherComprehensiveIncomeLossBeforeReclassificationsNetOfTax,,,,,,,,,,,,,-61000000.000,,,,,,,,,,,,,
OtherComprehensiveIncomeLossDerivativesQualifyingAsHedgesNetOfTax,,,,,,,,,-74000000.000,,,,13000000.000,,,,-34000000.000,,,,9000000.000,,,,11000000.000,
OtherComprehensiveIncomeLossForeignCurrencyTransactionAndTranslationAdjustmentNetOfTax,,,,,,,,,-77000000.000,,,,-88000000.000,,,,-113000000.000,19000000.000,-166000000.000,-262000000.000,17000000.000,-70000000.000,27000000.000,-57000000.000,45000000.000,-71000000.000
OtherComprehensiveIncomeLossNetOfTax,,,,,,,,,12000000.000,,,,-1000000.000,,,,-79000000.000,,,,92000000.000,,,,114000000.000,
OtherComprehensiveIncomeLossPensionAndOtherPostretirementBenefitPlansAdjustmentBeforeTax,,,,,,,,,105000000.000,,,,,,,,,,,,,,,,,
OtherComprehensiveIncomeLossPensionAndOtherPostretirementBenefitPlansAdjustmentNetOfTax,,,,,,,,,91000000.000,,,,,,,,-86000000.000,,,,-63000000.000,,,,-62000000.000,
OtherComprehensiveIncomeLossPensionAndOtherPostretirementBenefitPlansNetUnamortizedGainLossArisingDuringPeriodBeforeTax,,,,,,,-14000000.000,,,-6000000.000,-18000000.000,,,,,,,,,,,,,,,
OtherComprehensiveIncomeLossPensionAndOtherPostretirementBenefitPlansPlanAmendmentsTaxEffect,,,,,-10000000.000,-13000000.000,-8000000.000,131000000.000,-14000000.000,-15000000.000,-9000000.000,-264000000.000,-10000000.000,-10000000.000,-8000000.000,,,,,,,,,,,
OtherComprehensiveIncomeLossPensionAndOtherPostretirementBenefitPlansTax,,,,,,,,,14000000.000,,,,,,,,-15000000.000,-7000000.000,-13000000.000,-39000000.000,-7000000.000,-7000000.000,-6000000.000,7000000.000,-1000000.000,-1000000.000
OtherComprehensiveIncomeLossReclassificationAdjustmentFromAOCIOnDerivativesNetOfTax,,,,,,,,,,34000000.000,30000000.000,,3000000.000,-9000000.000,-53000000.000,-54000000.000,-118000000.000,-22000000.000,-21000000.000,-74000000.000,-94000000.000,14000000.000,-29000000.000,-12000000.000,,-8000000.000
OtherComprehensiveIncomeLossReclassificationAdjustmentFromAOCIPensionAndOtherPostretirementBenefitPlansForNetGainLossBeforeTax,,,,,,,,,,-76000000.000,-73000000.000,,-41000000.000,-59000000.000,-32000000.000,-45000000.000,-74000000.000,-69000000.000,-87000000.000,-76000000.000,-45000000.000,-34000000.000,-40000000.000,-38000000.000,-43000000.000,-36000000.000
OtherComprehensiveIncomeLossReclassificationAdjustmentOnDerivativesIncludedInNetIncomeBeforeTax,,,,,,,,,80000000.000,,,,,,,,,,,,,,,,,
OtherComprehensiveIncomeLossReclassificationAdjustmentOnDerivativesIncludedInNetIncomeNetOfTax,,,,,,,-92000000.000,,80000000.000,,,,,,,,,,,,,,,,,
OtherComprehensiveIncomeLossTax,,,,,,,,,14000000.000,,,,,,,,15000000.000,,,,7000000.000,,,,1000000.000,
OtherComprehensiveIncomeReclassificationAdjustmentOnDerivativesIncludedInNetIncomeNetOfTax,,,,,110000000.000,-260000000.000,,,,,,,,,,,,,,,,,,,,
OtherComprehensiveIncomeReclassificationOfDefinedBenefitPlansNetGainLossRecognizedInNetPeriodicBenefitCostBeforeTax,,,,,43000000.000,43000000.000,51000000.000,50000000.000,74000000.000,,,,,,,,,,,,,,,,,
OtherComprehensiveIncomeUnrealizedGainLossOnDerivativesArisingDuringPeriodBeforeTax,,,,,,,,,-154000000.000,,,,,,,,,,,,,,,,,
OtherComprehensiveIncomeUnrealizedGainLossOnDerivativesArisingDuringPeriodNetOfTax,,,,,155000000.000,-331000000.000,142000000.000,126000000.000,-154000000.000,49000000.000,76000000.000,78000000.000,16000000.000,-3000000.000,-151000000.000,-100000000.000,-152000000.000,42000000.000,-13000000.000,-55000000.000,-85000000.000,17000000.000,-18000000.000,-15000000.000,11000000.000,
OtherComprehensiveIncomeUnrealizedHoldingGainLossOnSecuritiesArisingDuringPeriodNetOfTax,,,,,,,,,,,,,,,,,,,,,3000000.000,,-5000000.000,,-4000000.000,-21000000.000
OtherNoncashExpense,,,,,,,,,,,,,27000000.000,,,,,,,,,,,,,
OtherPaymentsToAcquireBusinesses,74000000.000,,,,,,,,39000000.000,,,,239000000.000,,,,,,,,,,,,,
PaymentsForProceedsFromInvestments,-565000000.000,,,,-362000000.000,,,,-910000000.000,,,,-1576000000.000,,,,307000000.000,,,,2093000000.000,,,,-883000000.000,
PaymentsForProceedsFromOtherInvestingActivities,23000000.000,,,,45000000.000,,,,-34000000.000,,,,17000000.000,,,,70000000.000,,,,26000000.000,,,,24000000.000,
PaymentsForRepurchaseOfEquity,844000000.000,,,,324000000.000,,,,193000000.000,,,,899000000.000,,,,719000000.000,,,,475000000.000,,,,372000000.000,
PaymentsOfDividends,291000000.000,,,,334000000.000,,,,365000000.000,,,,410000000.000,,,,512000000.000,,,,629000000.000,,,,696000000.000,
PaymentsToAcquireBusinessesAndInterestInAffiliates,74000000.000,,,,,,,,,,,,,,,,44000000.000,,,,81000000.000,,,,273000000.000,
PaymentsToAcquireInvestments,,,,,,,,,,,,,,,,,109000000.000,,,,597000000.000,,,,144000000.000,
PaymentsToAcquirePropertyPlantAndEquipment,770000000.000,,,,961000000.000,,,,894000000.000,,,,864000000.000,,,,606000000.000,,,,549000000.000,,,,381000000.000,
PensionAndOtherPostretirementBenefitContributions,49000000.000,,,,54000000.000,,,,177000000.000,,,,72000000.000,,,,120000000.000,,,,45000000.000,,,,29000000.000,
PensionAndOtherPostretirementBenefitExpense,,,,,,,,,,,,,,,,,114000000.000,,,,60000000.000,,,,37000000.000,
ProceedsFromIssuanceOfLongTermDebt,2234000000.000,,,,46000000.000,,,,18000000.000,,,,1110000000.000,,,,1572000000.000,,,,3542000000.000,,,,334000000.000,
ProceedsFromPaymentsForOtherFinancingActivities,,,,,,,,,,,,,7000000.000,,,,-2000000.000,,,,47000000.000,,,,-22000000.000,
ProceedsFromRepaymentsOfShortTermDebt,64000000.000,,,,93000000.000,,,,34000000.000,,,,-222000000.000,,,,-902000000.000,,,,-561000000.000,,,,-1015000000.000,
ProceedsFromStockOptionsExercised,146000000.000,,,,88000000.000,,,,40000000.000,,,,146000000.000,,,,38000000.000,,,,47000000.000,,,,39000000.000,
ProceedsFromStockPlans,90000000.000,,,,115000000.000,,,,126000000.000,,,,134000000.000,,,,144000000.000,,,,116000000.000,,,,96000000.000,
ProfitLoss,943000000.000,1344000000.000,1307000000.000,1419000000.000,1310000000.000,1415000000.000,1427000000.000,1367000000.000,1267000000.000,,,,1608000000.000,,,,988000000.000,1134000000.000,1003000000.000,-990000000.000,523000000.000,-2146000000.000,190000000.000,-194000000.000,284000000.000,-81000000.000
ReclassificationFromAccumulatedOtherComprehensiveIncomeCurrentPeriodBeforeTax,,,,,,,,,,,,,,,,,-219000000.000,,,,-164000000.000,,,,-63000000.000,
ReclassificationFromAccumulatedOtherComprehensiveIncomeCurrentPeriodNetOfTax,,,,,,,,,,,,,70000000.000,,,,,,,,,,,,,
RepaymentsOfLongTermDebt,2146000000.000,,,,40000000.000,,,,445000000.000,,,,1574000000.000,,,,1144000000.000,,,,500000000.000,,,,1000000.000,
ResearchAndDevelopmentExpense,249000000.000,274000000.000,266000000.000,284000000.000,275000000.000,291000000.000,289000000.000,313000000.000,295000000.000,293000000.000,286000000.000,300000000.000,284000000.000,309000000.000,301000000.000,323000000.000,267000000.000,279000000.000,273000000.000,275000000.000,240000000.000,257000000.000,253000000.000,262000000.000,211000000.000,196000000.000
RestructuringCharges,,,0.000,,,,,,92000000.000,,,,,,,,,,,,,,,,,
Revenues,8716000000.000,9621000000.000,10229000000.000,10974000000.000,10611000000.000,10448000000.000,10608000000.000,10482000000.000,10668000000.000,11182000000.000,11608000000.000,11808000000.000,11239000000.000,12054000000.000,12646000000.000,12641000000.000,10248000000.000,9010000000.000,8472000000.000,7745000000.000,6520000000.000,7164000000.000,7019000000.000,7107000000.000,6894000000.000,7462000000.000
SalesRevenueGoodsNet,,,,,,,,,,,,,,,,,,,,,,2209000000.000,1996000000.000,,1957000000.000,1985000000.000
SalesRevenueNet,8716000000.000,9621000000.000,10229000000.000,10974000000.000,10611000000.000,10448000000.000,10608000000.000,10482000000.000,10668000000.000,11182000000.000,11608000000.000,11808000000.000,11239000000.000,12054000000.000,12646000000.000,12641000000.000,10248000000.000,9010000000.000,8472000000.000,7745000000.000,6520000000.000,7164000000.000,7019000000.000,7107000000.000,6894000000.000,7462000000.000
SalesRevenueServicesNet,,,,,,,,,,,,,,,,,,,,,,4955000000.000,5023000000.000,,4937000000.000,5477000000.000
SegmentReportingInformationIncomeLossBeforeIncomeTaxes,1238000000.000,,,,,,,,,,,,,,,,,,,,,,,,,
SegmentReportingInformationInterestExpense,2000000.000,,,,,,,,,,,,,,,,,,,,,,,,,
SegmentReportingInformationRevenue,8716000000.000,9621000000.000,10229000000.000,10974000000.000,10611000000.000,10448000000.000,10608000000.000,10482000000.000,10668000000.000,,,,,,,,,,,,,,,,,
ShareBasedCompensation,67000000.000,,,,79000000.000,,,,81000000.000,,,,77000000.000,,,,80000000.000,,,,61000000.000,,,,88000000.000,
StockIssuedDuringPeriodSharesEmployeeStockPurchasePlans,2000000.000,,,,2000000.000,,,,2000000.000,,,,2000000.000,,,,2000000.000,,,,2000000.000,,,,1000000.000,
StockIssuedDuringPeriodSharesRestrictedStockAwardNetOfForfeitures,,,,,,,,,1000000.000,,,,1000000.000,,,,1000000.000,,,,,,,,1000000.000,
StockIssuedDuringPeriodSharesStockOptionsExercised,4000000.000,,,,2000000.000,,,,1000000.000,,,,,,,,,,,,,,,,,
StockIssuedDuringPeriodValueEmployeeStockPurchasePlan,90000000.000,,,,115000000.000,,,,126000000.000,,,,134000000.000,,,,144000000.000,,,,116000000.000,,,,96000000.000,
StockIssuedDuringPeriodValueShareBasedCompensation,67000000.000,,,,79000000.000,,,,81000000.000,,,,77000000.000,,,,80000000.000,,,,61000000.000,,,,88000000.000,
StockIssuedDuringPeriodValueStockOptionsExercised,146000000.000,,,,88000000.000,,,,40000000.000,,,,146000000.000,,,,38000000.000,,,,47000000.000,,,,39000000.000,
StockholdersEquityOther,-7000000.000,,,,-3000000.000,,,,-7000000.000,,,,-2000000.000,,,,4000000.000,,,,19000000.000,,,,-27000000.000,
TreasuryStockSharesAcquired,-10000000.000,,,,4000000.000,,,,3000000.000,,,,10000000.000,,,,9000000.000,,,,7000000.000,,,,5000000.000,
TreasuryStockValueAcquiredCostMethod,-844000000.000,,,,324000000.000,,,,193000000.000,,,,899000000.000,,,,719000000.000,,,,475000000.000,,,,372000000.000,
ValuationAllowanceDeferredTaxAssetChangeInAmount,7000000.000,-2000000.000,2000000.000,14000000.000,,-4000000.000,,,,20000000.000,3000000.000,,,,,,,21000000.000,,,1000000.000,,,,,
WeightedAverageNumberOfDilutedSharesOutstanding,1375000000.000,1366000000.000,1357000000.000,-2737000000.000,1344000000.000,1339000000.000,1336000000.000,-2680000000.000,1340000000.000,1336000000.000,1333000000.000,-2676000000.000,1318000000.000,1315000000.000,1310000000.000,-2635000000.000,1285000000.000,1280000000.000,1272000000.000,-2562000000.000,1259000000.000,1389000000.000,1401000000.000,-2692000000.000,1402000000.000,1387000000.000
WeightedAverageNumberOfSharesOutstandingBasic,1360000000.000,1352000000.000,1345000000.000,-2708000000.000,1334000000.000,1331000000.000,1328000000.000,-2663000000.000,1330000000.000,1327000000.000,1322000000.000,-2656000000.000,1306000000.000,1300000000.000,1294000000.000,-2605000000.000,1276000000.000,1269000000.000,1265000000.000,-2543000000.000,1254000000.000,1389000000.000,1392000000.000,-2678000000.000,1393000000.000,1387000000.000
