,2011-06-30,2011-09-30,2012-03-31,2012-06-30,2012-09-30,2012-12-31,2013-03-31,2013-06-30,2013-09-30,2013-12-31,2014-03-31,2014-06-30,2014-09-30,2014-12-31,2015-03-31,2015-06-30,2015-09-30,2015-12-31,2016-03-31,2016-06-30
AntidilutiveSecuritiesExcludedFromComputationOfEarningsPerShareAmount,,,,,,,,,2300000.000,,1700000.000,1700000.000,1500000.000,-3100000.000,1700000.000,1800000.000,1100000.000,-3100000.000,1700000.000,1600000.000
AssumedPremiumsEarned,,,,,,,,1100000.000,1200000.000,,1000000.000,1100000.000,1200000.000,1070800000.000,1100000.000,1000000.000,1100000.000,1267300000.000,1400000.000,1000000.000
AssumedPremiumsEarnedOtherInsurance,,,,1000000.000,1100000.000,,400000.000,,,,,,,,,,,,,
AvailableForSaleSecuritiesChangeInNetUnrealizedHoldingGainLossNetOfTax,,,,-5900000.000,29400000.000,,13000000.000,-61300000.000,6000000.000,2900000.000,8100000.000,26100000.000,-18500000.000,9700000.000,8300000.000,-28600000.000,-22900000.000,1700000.000,23200000.000,20600000.000
AvailableForSaleSecuritiesGrossRealizedGainLossNet,,,,6700000.000,7000000.000,,6700000.000,1500000.000,7500000.000,7500000.000,10700000.000,5300000.000,1600000.000,3100000.000,4200000.000,5400000.000,10800000.000,4300000.000,1300000.000,6500000.000
AvailableForSaleSecuritiesGrossRealizedGains,,,,9800000.000,8100000.000,,7100000.000,4100000.000,8400000.000,9100000.000,11600000.000,5600000.000,3300000.000,4000000.000,5200000.000,6400000.000,14700000.000,8100000.000,5600000.000,7300000.000
AvailableForSaleSecuritiesGrossRealizedLosses,,,,3100000.000,1100000.000,,400000.000,2600000.000,900000.000,1600000.000,900000.000,300000.000,1700000.000,900000.000,1000000.000,1000000.000,3900000.000,3800000.000,4300000.000,800000.000
AvailableForSaleSecuritiesIncomeTaxExpenseOnChangeInUnrealizedHoldingGainOrLoss,,,,-2300000.000,10400000.000,,4500000.000,24000000.000,1600000.000,-47700000.000,4300000.000,10300000.000,-6200000.000,5300000.000,4500000.000,-15400000.000,-12400000.000,900000.000,12500000.000,11100000.000
BenefitsLossesAndExpenses,2600000.000,1400000.000,1600000.000,2400000.000,2400000.000,1900000.000,1800000.000,2100000.000,2700000.000,2000000.000,2000000.000,2300000.000,1000000.000,2000000.000,2000000.000,2100000.000,1600000.000,600000.000,1600000.000,2100000.000
CashAndCashEquivalentsPeriodIncreaseDecrease,,,-293000000.000,,,,5300000.000,,,,-2000000.000,,,,-17900000.000,,,,-10400000.000,
CededPremiumsEarned,,,,,,,,6700000.000,5400000.000,,6000000.000,6000000.000,6500000.000,843200000.000,8900000.000,8500000.000,8700000.000,806800000.000,6800000.000,6500000.000
CededPremiumsEarnedOtherInsurance,,,,8100000.000,6600000.000,,5500000.000,,,,,,,,,,,,,
CommonStockDividendsPerShareCashPaid,0.150,0.150,0.150,0.150,0.150,0.100,0.100,0.100,0.100,0.100,0.100,0.100,0.100,0.100,0.100,0.100,0.100,0.100,0.100,0.100
ComprehensiveIncomeNetOfTaxIncludingPortionAttributableToNoncontrollingInterest,,,13700000.000,-8100000.000,24700000.000,800000.000,33600000.000,-54300000.000,25400000.000,52700000.000,35400000.000,28300000.000,-6300000.000,40900000.000,34000000.000,-24900000.000,-1300000.000,9300000.000,26800000.000,-3300000.000
CurrentIncomeTaxExpenseBenefit,,,,,,,,,,,,,,,,200000.000,2700000.000,,0.000,0.000
DebtIssuanceCosts,,,,,,,,,,,,,,,,,,,300000.000,
DeferredIncomeTaxExpenseBenefit,,,,,,,,,,,,,,,,500000.000,6500000.000,,800000.000,-500000.000
DefinedBenefitPlanActuarialGainLoss,,,,,,,,,,,,-1600000.000,,,,0.000,,,,
DefinedBenefitPlanAmountsRecognizedInOtherComprehensiveIncomeNetPriorServiceCostCreditBeforeTax,,,1300000.000,1300000.000,1300000.000,1300000.000,-1400000.000,-1400000.000,0.000,8300000.000,,,,,,,,,,
DefinedBenefitPlanContributionsByEmployer,,,,,,,3300000.000,,,,,6500000.000,13000000.000,,3300000.000,,,,3300000.000,
DefinedBenefitPlanExpectedContributionsInCurrentFiscalYear,,,,,,,,,,,,,,,9700000.000,,,,9700000.000,
DefinedBenefitPlansEstimatedFutureEmployerContributionsInCurrentFiscalYear,,,,,,,,,,,13100000.000,,,,,,,,,
DepreciationAmortizationAndAccretionNet,,,2700000.000,,,,4300000.000,,,,3400000.000,,,,5500000.000,,,,4400000.000,
EarningsPerShareBasic,-5.010,-1.460,-0.050,-0.070,-0.140,0.520,0.490,0.150,0.460,0.400,0.670,0.070,0.290,1.600,0.600,0.060,0.500,0.090,0.070,-0.590
EarningsPerShareDiluted,-5.010,-1.460,-0.050,-0.070,-0.140,0.530,0.490,0.150,0.450,0.400,0.660,0.070,0.280,1.590,0.600,0.060,0.500,0.070,0.070,-0.590
EffectiveIncomeTaxRateContinuingOperations,,,,,0.030,,0.010,0.010,0.020,-0.030,0.020,0.030,0.090,-3.150,0.250,0.200,0.308,-0.519,0.200,0.017
EffectiveIncomeTaxRateReconciliationAtFederalStatutoryIncomeTaxRate,,,,0.350,0.350,,0.350,0.350,0.350,-0.700,0.350,0.350,0.350,-0.700,0.350,0.350,0.350,-0.700,0.350,0.350
EffectiveIncomeTaxRateReconciliationChangeInDeferredTaxAssetsValuationAllowance,,,,-1.030,-0.750,,-0.230,0.030,-0.190,0.200,-0.260,0.120,-0.100,-2.840,0.000,0.000,0.000,0.000,,
EffectiveIncomeTaxRateReconciliationOtherAdjustments,,,,-0.110,0.020,,0.010,0.010,-0.010,-0.010,0.010,0.240,0.000,-0.210,-0.030,0.520,0.028,-0.499,0.378,-0.407
FederalIncomeTaxExpenseBenefitContinuingOperations,,,,,,,300000.000,100000.000,200000.000,-100000.000,600000.000,100000.000,1200000.000,-82500000.000,8500000.000,700000.000,9200000.000,-2300000.000,800000.000,-500000.000
GainLossOnSaleOfInvestments,,,7100000.000,,,,6700000.000,,,,10700000.000,,,,3800000.000,,,,1300000.000,
GainLossOnSaleOfSecuritiesNet,7300000.000,14600000.000,7500000.000,8000000.000,7700000.000,9200000.000,7000000.000,3500000.000,7800000.000,8900000.000,11500000.000,5600000.000,2700000.000,3400000.000,4300000.000,6200000.000,14300000.000,7400000.000,5000000.000,7100000.000
IncomeLossFromContinuingOperationsBeforeIncomeTaxesMinorityInterestAndIncomeLossFromEquityMethodInvestments,-137600000.000,-52000000.000,-2000000.000,-2700000.000,-5600000.000,20900000.000,20000000.000,6300000.000,18700000.000,16300000.000,27700000.000,3100000.000,13100000.000,-17100000.000,33200000.000,3400000.000,29900000.000,800000.000,3800000.000,-25100000.000
IncomeTaxExpenseBenefit,63800000.000,6700000.000,,,-100000.000,,300000.000,100000.000,200000.000,-100000.000,600000.000,100000.000,1200000.000,-82500000.000,8500000.000,700000.000,9200000.000,-2300000.000,800000.000,-500000.000
IncomeTaxExpenseBenefitContinuingOperations,,,,,-100000.000,,,,,,,,,,,,,,,
IncomeTaxReconciliationChangeInDeferredTaxAssetsValuationAllowance,,,,2800000.000,4200000.000,,-4600000.000,200000.000,-3600000.000,-3800000.000,-7200000.000,400000.000,-1400000.000,-74400000.000,0.000,0.000,0.000,0.000,,
IncomeTaxReconciliationIncomeTaxExpenseBenefitAtFederalStatutoryIncomeTaxRate,,,,-900000.000,-1900000.000,,7000000.000,2200000.000,6600000.000,5700000.000,9700000.000,1100000.000,4600000.000,-6000000.000,11600000.000,1200000.000,10500000.000,200000.000,1300000.000,-8700000.000
IncomeTaxReconciliationOtherAdjustments,,,,300000.000,-100000.000,,200000.000,100000.000,-300000.000,200000.000,200000.000,700000.000,100000.000,100000.000,-900000.000,1800000.000,800000.000,-400000.000,1500000.000,10100000.000
IncreaseDecreaseInAccruedIncomeTaxesPayable,,,,,,,300000.000,,,,700000.000,,,,9000000.000,,,,1100000.000,
IncreaseDecreaseInAccruedInvestmentIncomeReceivable,,,,,,,9000000.000,,,,10600000.000,,,,49600000.000,,,,-4900000.000,
IncreaseDecreaseInDeferredPolicyAcquisitionCosts,,,2500000.000,,,,2800000.000,,,,2900000.000,,,,900000.000,,,,-1600000.000,
IncreaseDecreaseInPensionAndPostretirementObligations,,,-1100000.000,,,,-1700000.000,,,,1700000.000,,,,-700000.000,,,,-1800000.000,
IncreaseDecreaseInPropertyAndCasualtyInsuranceLiabilities,,,13100000.000,,,,2100000.000,,,,-8200000.000,,,,14500000.000,,,,30500000.000,
IncreaseDecreaseInUnearnedPremiums,,,9000000.000,,,,2800000.000,,,,2900000.000,,,,-8200000.000,,,,-15500000.000,
IncrementalCommonSharesAttributableToShareBasedPaymentArrangements,,,,,100000.000,,200000.000,,300000.000,,500000.000,400000.000,600000.000,-1100000.000,400000.000,500000.000,800000.000,-1200000.000,400000.000,0.000
IncurredClaimsPropertyCasualtyAndLiability,401600000.000,315300000.000,191300000.000,201700000.000,201400000.000,183900000.000,173000000.000,186100000.000,178800000.000,181900000.000,171800000.000,190400000.000,184400000.000,224700000.000,195000000.000,224600000.000,207500000.000,235700000.000,225000000.000,262900000.000
InterestAndDividendIncomeOperating,,,,1200000.000,1300000.000,,,,,,,,,,,,,,,
InterestExpenseDebt,1700000.000,1900000.000,1800000.000,1700000.000,1800000.000,1700000.000,1700000.000,3800000.000,1600000.000,1400000.000,1300000.000,1300000.000,1400000.000,1400000.000,1300000.000,1400000.000,1300000.000,1400000.000,1300000.000,1400000.000
InterestPaid,,,200000.000,,,,200000.000,,,,1300000.000,,,,1300000.000,,,,1300000.000,
InvestmentIncomeInterest,,,,21000000.000,17600000.000,,17400000.000,20200000.000,19400000.000,17900000.000,18100000.000,21000000.000,19400000.000,18200000.000,15900000.000,20400000.000,19100000.000,18300000.000,17800000.000,19500000.000
InvestmentIncomeInvestmentExpense,,,,500000.000,400000.000,,500000.000,500000.000,600000.000,500000.000,500000.000,500000.000,500000.000,500000.000,500000.000,600000.000,400000.000,500000.000,400000.000,400000.000
MarketableSecuritiesRealizedGainLossOtherThanTemporaryImpairmentsAmount,800000.000,4400000.000,400000.000,1300000.000,700000.000,1000000.000,300000.000,2000000.000,300000.000,1400000.000,800000.000,300000.000,1100000.000,300000.000,500000.000,800000.000,3500000.000,3100000.000,3700000.000,600000.000
NetCashProvidedByUsedInFinancingActivities,,,-6000000.000,,,,-4000000.000,,,,-3700000.000,,,,-3500000.000,,,,-3500000.000,
NetCashProvidedByUsedInFinancingActivitiesContinuingOperations,,,-6000000.000,,,,-4000000.000,,,,-3700000.000,,,,-3500000.000,,,,-3500000.000,
NetCashProvidedByUsedInInvestingActivities,,,56500000.000,,,,1300000.000,,,,-600000.000,,,,-69000000.000,,,,-31400000.000,
NetCashProvidedByUsedInInvestingActivitiesContinuingOperations,,,56500000.000,,,,1300000.000,,,,-600000.000,,,,-69000000.000,,,,-31400000.000,
NetCashProvidedByUsedInOperatingActivities,,,-343500000.000,,,,8000000.000,,,,2300000.000,,,,54600000.000,,,,24500000.000,
NetCashProvidedByUsedInOperatingActivitiesContinuingOperations,,,-343500000.000,,,,8000000.000,,,,2300000.000,,,,54600000.000,,,,24500000.000,
NetInvestmentIncome,25200000.000,20300000.000,17500000.000,20500000.000,17200000.000,20200000.000,16900000.000,19700000.000,18800000.000,17400000.000,17600000.000,20500000.000,18900000.000,17700000.000,15400000.000,19800000.000,18700000.000,17800000.000,17400000.000,19100000.000
OperatingExpenses,522000000.000,440000000.000,282300000.000,289400000.000,292000000.000,275800000.000,265300000.000,279000000.000,274000000.000,273400000.000,263600000.000,291300000.000,278200000.000,312800000.000,301700000.000,334000000.000,319800000.000,345800000.000,335400000.000,373600000.000
OtherComprehensiveIncomeAvailableForSaleSecuritiesAdjustmentNetOfTaxPeriodIncreaseDecrease,,,15000000.000,,,,,,,,,,,,,,,,,
OtherComprehensiveIncomeDefinedBenefitPlansAdjustmentNetOfTaxPeriodIncreaseDecrease,,,700000.000,,,,,,,,,,,,,,,,,
OtherComprehensiveIncomeDefinedBenefitPlansAdjustmentNetOfTaxPortionAttributableToParent,,,,,,,900000.000,,,,,,,,,,,,,
OtherComprehensiveIncomeLossAvailableForSaleSecuritiesAdjustmentBeforeReclassificationAdjustmentsNetOfTax,,,,,,,19700000.000,,,,,,,,,,,,,
OtherComprehensiveIncomeLossAvailableForSaleSecuritiesAdjustmentBeforeTax,,,,,,,-6700000.000,,,,,,,,,,,,,
OtherComprehensiveIncomeLossAvailableForSaleSecuritiesAdjustmentNetOfTax,,,,-5900000.000,29400000.000,,13000000.000,-61300000.000,6000000.000,2900000.000,8100000.000,26100000.000,-18500000.000,9700000.000,8300000.000,-28600000.000,-22900000.000,1700000.000,23200000.000,20600000.000
OtherComprehensiveIncomeLossAvailableForSaleSecuritiesTax,,,,300000.000,300000.000,,-300000.000,-7300000.000,-1400000.000,-1900000.000,4200000.000,3500000.000,600000.000,5400000.000,4500000.000,-15400000.000,-12400000.000,900000.000,12500000.000,11100000.000
OtherComprehensiveIncomeLossBeforeReclassificationsNetOfTax,,,,,,,,-59800000.000,13600000.000,,18800000.000,29800000.000,-16900000.000,-47200000.000,12500000.000,-25100000.000,-15800000.000,8300000.000,24000000.000,24900000.000
OtherComprehensiveIncomeLossDerivativesQualifyingAsHedgesNetOfTax,,,,-100000.000,,,,100000.000,,,,0.000,,,,,,,,
OtherComprehensiveIncomeLossNetOfTax,,,,-5400000.000,30200000.000,,13900000.000,-60500000.000,6900000.000,36300000.000,8300000.000,25300000.000,-18200000.000,-24500000.000,9300000.000,-27600000.000,-22000000.000,6200000.000,23800000.000,21300000.000
OtherComprehensiveIncomeLossNetOfTaxPeriodIncreaseDecrease,,,15700000.000,,,,,,,,,,,,,,,,,
OtherComprehensiveIncomeLossPensionAndOtherPostretirementBenefitPlansAdjustmentBeforeTax,,,,,,,-900000.000,,,,,,,,,,,,,
OtherComprehensiveIncomeLossPensionAndOtherPostretirementBenefitPlansAdjustmentNetOfTax,,,,600000.000,-800000.000,,900000.000,900000.000,-900000.000,-37000000.000,-200000.000,800000.000,-300000.000,34200000.000,-1000000.000,-1000000.000,-900000.000,-4500000.000,-600000.000,-700000.000
OtherComprehensiveIncomeLossPensionAndOtherPostretirementBenefitPlansTax,,,,,,,,,,,,,,,-500000.000,-500000.000,-600000.000,,-400000.000,-200000.000
OtherComprehensiveIncomeLossReclassificationAdjustmentForSaleOfSecuritiesIncludedInNetIncomeBeforeTax,,,,-6700000.000,-7000000.000,,-6700000.000,,,,,,,,,,,,,
OtherComprehensiveIncomeLossReclassificationAdjustmentForSaleOfSecuritiesIncludedInNetIncomeNetOfTax,,,,,,,6700000.000,,,,,,,,,,,,,
OtherComprehensiveIncomeLossReclassificationAdjustmentFromAOCIForSaleOfSecuritiesBeforeTax,,,,,,,,-1500000.000,7500000.000,,10700000.000,5300000.000,1600000.000,3100000.000,4200000.000,5400000.000,10800000.000,4300000.000,1300000.000,6500000.000
OtherComprehensiveIncomeLossReclassificationAdjustmentFromAOCIPensionAndOtherPostretirementBenefitPlansForNetTransitionAssetObligationBeforeTax,,,,,,,,100000.000,1300000.000,,1400000.000,1400000.000,1300000.000,,1400000.000,1400000.000,1300000.000,,1400000.000,1400000.000
OtherComprehensiveIncomeReclassificationAdjustmentForSaleOfSecuritiesIncludedInNetIncomeBeforeTax,,,7100000.000,,,,,,,,,,,,,,,,,
OtherComprehensiveIncomeReclassificationOfDefinedBenefitPlanNetTransitionAssetObligationRecognizedInNetPeriodicBenefitCostBeforeTax,,,100000.000,,100000.000,,-100000.000,,,,,,,,,,,,,
OtherComprehensiveIncomeUnrealizedHoldingGainLossOnSecuritiesArisingDuringPeriodBeforeTax,,,22100000.000,500000.000,36700000.000,-5800000.000,19400000.000,-67100000.000,12100000.000,8500000.000,23000000.000,34900000.000,-16300000.000,18200000.000,17000000.000,-38600000.000,-24500000.000,6900000.000,37000000.000,38200000.000
OtherIncome,300000.000,700000.000,800000.000,1100000.000,800000.000,900000.000,400000.000,600000.000,400000.000,600000.000,500000.000,300000.000,600000.000,1800000.000,400000.000,700000.000,500000.000,500000.000,600000.000,500000.000
OtherThanTemporaryImpairmentLossesInvestmentsAvailableforsaleSecurities,,,,,,,300000.000,2000000.000,300000.000,1400000.000,800000.000,300000.000,1100000.000,300000.000,500000.000,800000.000,3500000.000,3100000.000,3700000.000,600000.000
OtherThanTemporaryImpairmentLossesInvestmentsPortionInOtherComprehensiveIncomeLossBeforeTaxIncludingPortionAttributableToNoncontrollingInterestAvailableforsaleSecurities,,,,,,,,,0.000,,0.000,0.000,0.000,0.000,0.000,0.000,0.000,0.000,0.000,0.000
PaymentsOfDividendsCommonStock,,,6000000.000,,,,4000000.000,,,,4200000.000,,,,4100000.000,,,,4100000.000,
PaymentsToAcquireAvailableForSaleSecuritiesDebt,,,76800000.000,,,,81700000.000,,,,137200000.000,,,,212800000.000,,,,160600000.000,
PaymentsToAcquireAvailableForSaleSecuritiesEquity,,,24000000.000,,,,24000000.000,,,,38000000.000,,,,19700000.000,,,,30800000.000,
PaymentsToAcquireOtherInvestments,,,500000.000,,,,200000.000,,,,400000.000,,,,3900000.000,,,,400000.000,
PaymentsToAcquirePropertyPlantAndEquipment,,,,,,,-200000.000,,,,0.000,,,,,,,,,
PremiumsEarnedNetOtherInsurance,,,,51500000.000,52000000.000,,45500000.000,44800000.000,46600000.000,,42100000.000,46600000.000,49700000.000,,97600000.000,95400000.000,104600000.000,,108000000.000,112100000.000
PremiumsEarnedNetPropertyAndCasualty,352400000.000,356800000.000,254900000.000,258400000.000,261400000.000,267400000.000,261300000.000,263500000.000,266000000.000,264200000.000,262500000.000,268300000.000,270200000.000,-588600000.000,315300000.000,311500000.000,319700000.000,-508900000.000,319900000.000,322400000.000
ProceedsFromIssuanceOfCommonStock,,,,,,,100000.000,,,,600000.000,,,,700000.000,,,,800000.000,
ProceedsFromMaturitiesPrepaymentsAndCallsOfAvailableForSaleSecurities,,,84700000.000,,,,40200000.000,,,,68900000.000,,,,83200000.000,,,,60800000.000,
ProceedsFromSaleOfAvailableForSaleSecurities,,,,,,,,,,,,,,,84200000.000,,,,99600000.000,
ProceedsFromSaleOfAvailableForSaleSecuritiesDebt,,,45900000.000,,,,38500000.000,,,,71300000.000,,,,62500000.000,,,,75800000.000,
ProceedsFromSaleOfAvailableForSaleSecuritiesEquity,,,27000000.000,,,,28100000.000,,,,34600000.000,,,,21500000.000,,,,23600000.000,
ProceedsFromSaleOfOtherInvestments,,,200000.000,,,,200000.000,,,,200000.000,,,,200000.000,,,,200000.000,
ProfitLoss,-201400000.000,-58700000.000,-2000000.000,-2700000.000,-5500000.000,20900000.000,19700000.000,6200000.000,18500000.000,16400000.000,27100000.000,3000000.000,11900000.000,65400000.000,24700000.000,2700000.000,20700000.000,3100000.000,3000000.000,-24600000.000
RealizedInvestmentGainsLosses,6500000.000,10200000.000,7100000.000,6700000.000,7000000.000,8200000.000,6700000.000,1500000.000,7500000.000,7500000.000,10700000.000,5300000.000,1600000.000,3100000.000,3800000.000,5400000.000,10800000.000,4300000.000,1300000.000,6500000.000
ReclassificationFromAccumulatedOtherComprehensiveIncomeCurrentPeriodNetOfTax,,,,,,,,700000.000,6700000.000,,10500000.000,4500000.000,1300000.000,-22700000.000,3200000.000,2500000.000,6200000.000,2100000.000,200000.000,3600000.000
RestructuringCharges,,,,,,,,,,,,,100000.000,,,,,,,
Revenues,384400000.000,388000000.000,280300000.000,286700000.000,286400000.000,296700000.000,285300000.000,285300000.000,292700000.000,289700000.000,291300000.000,294400000.000,291300000.000,295700000.000,334900000.000,337400000.000,349700000.000,346600000.000,339200000.000,348500000.000
RevenuesFromTransactionsWithOtherOperatingSegmentsOfSameEntity,,,,2300000.000,5600000.000,,-1300000.000,,,,,,,,,,,,,
SalesRevenueNet,352400000.000,356800000.000,254900000.000,258400000.000,261400000.000,267400000.000,261300000.000,263500000.000,266000000.000,264200000.000,262500000.000,268300000.000,270200000.000,273100000.000,315300000.000,311500000.000,319700000.000,324000000.000,319900000.000,322400000.000
SegmentReportingInformationRevenue,,,,289000000.000,292000000.000,,284000000.000,,,,,,,,,,,,,
ShareBasedCompensation,,,800000.000,,,,1200000.000,,,,1000000.000,,,,1000000.000,,,,1400000.000,
ValuationAllowanceDeferredTaxAssetChangeInAmount,,,,4500000.000,-6100000.000,,-9700000.000,16700000.000,-7000000.000,,-7400000.000,-6200000.000,5400000.000,,,,,,,
WeightedAverageNumberOfDilutedSharesOutstanding,,,,40300000.000,40400000.000,,40700000.000,40800000.000,40900000.000,-81700000.000,41300000.000,41200000.000,41500000.000,-82800000.000,41400000.000,41500000.000,41900000.000,-83200000.000,41800000.000,41500000.000
WeightedAverageNumberOfSharesOutstandingBasic,,,,40300000.000,40300000.000,,40500000.000,40500000.000,40600000.000,-81000000.000,40800000.000,40800000.000,40900000.000,-81700000.000,41000000.000,41000000.000,41100000.000,-82000000.000,41400000.000,41500000.000
