,2011-03-31,2011-06-30,2011-09-30,2011-12-31,2012-03-31,2012-06-30,2012-09-30,2012-12-31,2013-03-31,2013-06-30,2013-09-30,2013-12-31,2014-03-31,2014-06-30,2014-09-30,2014-12-31,2015-03-31,2015-06-30,2015-09-30,2015-12-31,2016-03-31,2016-06-30,2016-09-30,2016-12-31,2017-03-31
AccretionAmortizationOfDiscountsAndPremiumsInvestments,-19861000.000,,,,-36678000.000,,,,-37783000.000,,,,-39488000.000,,,,-35998000.000,,,,-47505000.000,,,,-42178000.000
AcquisitionCosts,-188490000.000,-215099000.000,-207553000.000,-215269000.000,-224151000.000,,,,,,,,,,,,,,,,,,,,
AdjustmentsNoncashItemsToReconcileNetIncomeLossToCashProvidedByUsedInOperatingActivitiesOther,41937000.000,,,,,,,,,,,,,,,,,,,,,,,,
AdjustmentsToReconcileNetIncomeLossToCashProvidedByUsedInOperatingActivities,,,,,,,,,-240888000.000,,,,-91408000.000,,,,-38693000.000,,,,-254141000.000,,,,-261346000.000
AmortizationOfDebtDiscountPremium,249000.000,,,,,,,,,,,,,,,,,,,,,,,,
AmortizationOfIntangibleAssets,,,,,,,,,,,,,,,,,,,,,5588000.000,,,,5588000.000
AntidilutiveSecuritiesExcludedFromComputationOfEarningsPerShareAmount,30500000.000,,,,,,,,,,,,,,,,,,,,,,,,
AvailableForSaleSecuritiesGrossRealizedGains,,,,,,53732000.000,33136000.000,,73171000.000,64865000.000,22517000.000,,51213000.000,,,,,,,,,,,,
AvailableForSaleSecuritiesGrossRealizedLosses,900000000.000,,,,,,,,,,,,,,,,,,,,,,,,
AvailableForSaleSecuritiesGrossUnrealizedGains,704306000.000,,,,,,,,,,,,,,,,,,,,,,,,
AvailableforsaleSecuritiesGrossRealizedLossesExcludingOtherThanTemporaryImpairments,,,,,,37932000.000,26000000.000,,32024000.000,21508000.000,21288000.000,,28257000.000,,,,,,,,,,,,
BenefitsLossesAndExpenses,1855239000.000,1488842000.000,1592462000.000,2181222000.000,1533950000.000,1514878000.000,1612204000.000,1860842000.000,1463395000.000,1616291000.000,1731132000.000,1636068000.000,1508312000.000,2132477000.000,1423329000.000,1279632000.000,1347394000.000,2082288000.000,2529769000.000,2440444000.000,2324554000.000,2617547000.000,2454104000.000,2582004000.000,2542029000.000
BusinessCombinationIntegrationRelatedCosts,,,,,,,,,,,,,,,,,,,,,54987000.000,,,,33949000.000
CashAndCashEquivalentsPeriodIncreaseDecrease,362937000.000,,,,-1318807000.000,,,,-145091000.000,,,,675215000.000,,,,688120000.000,,,,-435339000.000,,,,-74337000.000
CommonStockDividendsPerShareCashPaid,,,,,,,,,0.140,0.140,0.140,0.140,0.160,0.160,0.160,0.160,0.160,0.160,0.200,0.200,0.200,0.200,0.200,0.200,0.220
CommonStockDividendsPerShareDeclared,0.110,0.110,0.110,0.110,0.110,0.110,0.110,,,,,,,,,,,,,,,,,,
ComprehensiveIncomeNetOfTax,-152981000.000,473536000.000,75630000.000,-388676000.000,425080000.000,300400000.000,684590000.000,178011000.000,235889000.000,-421665000.000,187204000.000,275125000.000,465721000.000,-18888000.000,97278000.000,392030000.000,256993000.000,286043000.000,-93810000.000,-39916000.000,429826000.000,357812000.000,181819000.000,-499559000.000,282271000.000
DeferredPolicyAcquisitionCostAmortizationExpense,188490000.000,215099000.000,207553000.000,215269000.000,224151000.000,218937000.000,236347000.000,234057000.000,220259000.000,231886000.000,238328000.000,218850000.000,199414000.000,184619000.000,182882000.000,171203000.000,153696000.000,341617000.000,409173000.000,412962000.000,403267000.000,420520000.000,403888000.000,392996000.000,435869000.000
Depreciation,11969000.000,,,,13859000.000,,,,13109000.000,,,,14961000.000,,,,10907000.000,,,,,,,,
DepreciationDepletionAndAmortization,,,,,,,,,,,,,,,,,,,,,22592000.000,,,,19429000.000
DerivativeGainLossOnDerivativeNet,3567000.000,-10950000.000,-26916000.000,23561000.000,702000.000,-4300000.000,6254000.000,2565000.000,7885000.000,-5105000.000,880000.000,4138000.000,1810000.000,11599000.000,5131000.000,11346000.000,16521000.000,48509000.000,-7903000.000,-4004000.000,-3622000.000,906000.000,5490000.000,-253000.000,-7069000.000
DerivativeInstrumentsGainLossRecognizedInIncomeNet,3567000.000,-10950000.000,-26916000.000,,,,,,,,,,,,,,,,,,,,,,
DerivativeInstrumentsNotDesignatedAsHedgingInstrumentsGainLossNet,2346000.000,-9993000.000,-25874000.000,24658000.000,3141000.000,-2106000.000,6451000.000,,,,,,,,,,,,,,,,,,
DilutiveSecuritiesEffectOnBasicEarningsPerShareOther,,,,,,0.000,,,,,,,,,,,,,,,,,,,
EarningsPerShareBasic,-0.730,0.730,0.140,-1.660,0.560,0.710,0.570,0.280,1.190,0.940,0.480,1.070,0.930,-1.030,0.270,0.540,0.140,3.160,0.090,0.830,0.070,0.160,0.260,1.090,0.580
EarningsPerShareDiluted,-0.730,0.690,0.140,-1.620,0.560,0.710,0.560,0.270,1.170,0.930,0.470,1.060,0.910,-1.030,0.270,0.540,0.140,3.110,0.090,0.810,0.070,0.150,0.250,1.090,0.570
EffectOfExchangeRateOnCashAndCashEquivalents,28967000.000,,,,25121000.000,,,,-24304000.000,,,,7177000.000,,,,-47397000.000,,,,-19396000.000,,,,30273000.000
FairValueAssetsMeasuredOnRecurringBasisChangeInUnrealizedGainLoss,,,,,,,,,,,,,,,,,,,,,,,,,5768000.000
FairValueMeasurementWithUnobservableInputsReconciliationRecurringBasisAssetGainLossIncludedInEarnings1,,,,,,,,,,,,,,,,,,,,,,,,,-5513000.000
FairValueMeasurementWithUnobservableInputsReconciliationRecurringBasisAssetGainLossIncludedInOtherComprehensiveIncomeLoss,,,,,,,,,,,,,,,,,,,,,,,,,6496000.000
FairValueMeasurementWithUnobservableInputsReconciliationRecurringBasisAssetPurchasesSalesIssuancesSettlements,,,,,,,,,,,,,,,,,,,,,,,,,16675000.000
FairValueMeasurementWithUnobservableInputsReconciliationRecurringBasisAssetSales,,,,,,,,,,,,,,,,,,,,,,,,,10284000.000
FairValueMeasurementWithUnobservableInputsReconciliationRecurringBasisAssetSettlements,,,,,,,,,,,,,,,,,,,,,,,,,5986000.000
FairValueMeasurementWithUnobservableInputsReconciliationRecurringBasisAssetTransfersNet,,,,,,,,,,,,,,,,,,,,,,,,,-552000.000
FairValueNetDerivativeAssetLiabilityMeasuredOnRecurringBasisChangeInUnrealizedGainLoss,,,,,,,,,,,,,,,,,,,,,,,55000.000,,163000.000
FairValueNetDerivativeAssetLiabilityMeasuredOnRecurringBasisUnobservableInputsReconciliationGainLossIncludedInEarnings,,,,,,,,,,,,,,,,,,,,,,,0.000,,0.000
FairValueNetDerivativeAssetLiabilityMeasuredOnRecurringBasisUnobservableInputsReconciliationGainLossIncludedInOtherComprehensiveIncomeLoss,,,,,,,,,,,,,,,,,,,,,,,9879000.000,,161000.000
FairValueNetDerivativeAssetLiabilityMeasuredOnRecurringBasisUnobservableInputsReconciliationPurchasesSalesIssuesSettlements,,,,,,,,,,,,,,,,,,,,,,,0.000,,0.000
FairValueNetDerivativeAssetLiabilityMeasuredOnRecurringBasisUnobservableInputsReconciliationSales,,,,,,,,,,,,,,,,,,,,,,,0.000,,0.000
FairValueNetDerivativeAssetLiabilityMeasuredOnRecurringBasisUnobservableInputsReconciliationSettlements,,,,,,,,,,,,,,,,,,,,,,,0.000,,0.000
FairValueNetDerivativeAssetLiabilityMeasuredOnRecurringBasisUnobservableInputsReconciliationTransfersIntoLevel3,,,,,,,,,,,,,,,,,,,,,,,0.000,,
FairValueNetDerivativeAssetLiabilityMeasuredOnRecurringBasisUnobservableInputsReconciliationTransfersNet,,,,,,,,,,,,,,,,,,,,,,,,,0.000
FairValueNetDerivativeAssetLiabilityMeasuredOnRecurringBasisUnobservableInputsReconciliationTransfersOutOfLevel3,,,,,,,,,,,,,,,,,,,,,,,0.000,,
FeesAndCommissionsOther,,,,,,11109000.000,13153000.000,,9632000.000,10871000.000,10875000.000,8653000.000,11454000.000,9706000.000,10782000.000,11688000.000,4728000.000,11012000.000,7355000.000,10106000.000,8262000.000,10862000.000,8600000.000,7968000.000,13661000.000
FiniteLivedIntangibleAssetsAmortizationExpense,465000.000,44000.000,885000.000,44000.000,,,,,,,,,,,,,,,,,,,,,
FiniteLivedIntangibleAssetsForeignCurrencyTranslationGainLoss,,,,,,,,,,,,,,,,,,,,,,,,,-2389000.000
FiniteLivedIntangibleAssetsTranslationAdjustments,,,,,,,,,,,,,,,,,,,,,-2224000.000,,,,
FinitelivedIntangibleAssetsAcquired1,,,,,,,,,,,,,,,,,,,,,6000000.000,,,,
ForeignCurrencyTransactionGainLossBeforeTax,-9514000.000,8498000.000,39425000.000,2231000.000,-12718000.000,17976000.000,-18690000.000,2886000.000,33435000.000,11331000.000,-20303000.000,3780000.000,-10441000.000,-21141000.000,23348000.000,45802000.000,-27390000.000,-10374000.000,-11661000.000,26921000.000,33819000.000,19100000.000,1695000.000,-45036000.000,3336000.000
GainLossOnFairValueHedgeIneffectivenessNet,1221000.000,-957000.000,-1042000.000,-1097000.000,-2439000.000,-2194000.000,-197000.000,245000.000,1475000.000,-506000.000,-260000.000,-212000.000,1794000.000,-2050000.000,0.000,0.000,0.000,0.000,0.000,0.000,,,,,
GainLossOnSaleOfSecuritiesNet,-28992000.000,17632000.000,4461000.000,-21288000.000,41768000.000,15800000.000,7136000.000,30106000.000,41147000.000,43357000.000,1229000.000,18343000.000,22956000.000,,,,,,,,,,,,
GainLossOnSaleOfStockInSubsidiaryOrEquityMethodInvestee,,,,,,,,,,,,,,,,,,340407000.000,0.000,,0.000,0.000,0.000,0.000,0.000
GainOrLossOnSaleOfStockInSubsidiary,,,,,,,,,,,,,,-666423000.000,0.000,,,0.000,0.000,,,,3670000.000,,0.000
GeneralAndAdministrativeExpense,,,,,,,,,,,,,,,,,,,,,,,,,98873000.000
GoodwillAcquiredDuringPeriod,,,,,,,,,,,,,,,,,,,,,13946000.000,,,,
GoodwillForeignCurrencyTranslationGainLoss,,,,,,,,,,,,,,,,,,,,,,,,,-4532000.000
GoodwillTranslationAdjustments,,,,,,,,,,,,,,,,,,,,,1496000.000,,,,
HeldToMaturitySecuritiesTransferredToAvailableForSaleSecuritiesUnrealizedGainLoss,,,,,,,,,,,,,,424861000.000,0.000,,,0.000,0.000,,,,,,
HeldToMaturitySecuritiesUnrecognizedHoldingGains,7956000.000,,,,,,,,,,,,,,,,,,,,,,,,
HeldToMaturitySecuritiesUnrecognizedHoldingLosses,-62474000.000,,,,,,,,,,,,,,,,,,,,,,,,
ImpairmentOfInvestments,,,,,18565000.000,,,,,,,,,,,,,,,,,,,,
IncomeLossFromContinuingOperationsIncludingPortionAttributableToNoncontrollingInterest,-33336000.000,-2102000.000,-33993000.000,-1446000.000,-36557000.000,-3454000.000,-35844000.000,840271000.000,,,,,,,,,,,,,,,,,
IncomeLossFromEquityMethodInvestments,40786000.000,56501000.000,28429000.000,-22677000.000,35661000.000,25658000.000,18967000.000,34028000.000,63219000.000,79368000.000,29669000.000,85939000.000,79588000.000,45421000.000,44521000.000,33504000.000,57997000.000,40839000.000,4481000.000,14743000.000,8071000.000,34597000.000,24566000.000,47921000.000,51870000.000
IncomeLossFromEquityMethodInvestmentsNetOfDividendsOrDistributions,,,,,,,,,,,,,31999000.000,,,,45467000.000,,,,-19797000.000,,,,28921000.000
IncomeLossFromSubsidiariesBeforeTax,,,,,,,,,,,,,,,,,,,,,,0.000,0.000,,0.000
IncomeTaxExpenseBenefit,-32797000.000,24826000.000,24718000.000,42960000.000,21550000.000,29812000.000,451000.000,-17785000.000,43479000.000,28872000.000,897000.000,4257000.000,34321000.000,-5654000.000,30057000.000,38173000.000,24218000.000,32959000.000,-37042000.000,-39296000.000,22295000.000,2467000.000,17749000.000,-382000.000,13092000.000
IncreaseDecreaseInDeferredIncomeTaxes,42956000.000,,,,-9243000.000,,,,17565000.000,,,,598000.000,,,,-14119000.000,,,,7945000.000,,,,-10852000.000
IncreaseDecreaseInDeferredPolicyAcquisitionCosts,62634000.000,,,,81792000.000,,,,70547000.000,,,,56937000.000,,,,72340000.000,,,,156373000.000,,,,205830000.000
IncreaseDecreaseInDerivativeAssetsAndLiabilities,,,,,17908000.000,,,,-52675000.000,,,,12277000.000,,,,-141754000.000,,,,-17863000.000,,,,-58104000.000
IncreaseDecreaseInFuturePolicyBenefitReserves,-24989000.000,,,,-37565000.000,,,,-48114000.000,,,,-49780000.000,,,,-49279000.000,,,,-59858000.000,,,,-55634000.000
IncreaseDecreaseInInterestPayableNet,2500000.000,2600000.000,2600000.000,2500000.000,2400000.000,2500000.000,,,,,,,,,,,,,,,,,,,
IncreaseDecreaseInLiabilityForClaimsAndClaimsAdjustmentExpenseReserve,,,,,,,,,,,,,,,,,,,,,330160000.000,,,,290788000.000
IncreaseDecreaseInLossAndLossAdjustmentExpenseReserve,-29810000.000,,,,444959000.000,,,,117861000.000,,,,72058000.000,,,,-77832000.000,,,,,,,,
IncreaseDecreaseInOtherOperatingAssets,3841000.000,,,,-42434000.000,,,,24197000.000,,,,25731000.000,,,,31407000.000,,,,47084000.000,,,,100791000.000
IncreaseDecreaseInOtherOperatingLiabilities,-103843000.000,,,,-45522000.000,,,,-23052000.000,,,,-77037000.000,,,,-94545000.000,,,,-155826000.000,,,,-128606000.000
IncreaseDecreaseInPremiumsReceivable,476200000.000,,,,573122000.000,,,,629528000.000,,,,594243000.000,,,,517881000.000,,,,1322085000.000,,,,1152760000.000
IncreaseDecreaseInPrepaidReinsurancePremiums,84247000.000,,,,47201000.000,,,,65191000.000,,,,110310000.000,,,,146049000.000,,,,436332000.000,,,,797191000.000
IncreaseDecreaseInReinsurancePayables,220048000.000,,,,243696000.000,,,,129253000.000,,,,269717000.000,,,,84261000.000,,,,460982000.000,,,,849492000.000
IncreaseDecreaseInRestrictedCash,,,,,,,,,,,,,,,,,,,,,6027000.000,,,,7019000.000
IncreaseDecreaseInUnearnedPremiums,524331000.000,,,,655416000.000,,,,636875000.000,,,,621009000.000,,,,655733000.000,,,,1148149000.000,,,,1222570000.000
IndefiniteLivedIntangibleAssetsForeignCurrencyTranslationGainLoss,,,,,,,,,,,,,,,,,,,,,,,,,-3626000.000
IndefiniteLivedIntangibleAssetsTranslationAdjustments,,,,,,,,,,,,,,,,,,,,,1701000.000,,,,
IndefinitelivedIntangibleAssetsAcquired,,,,,,,,,,,,,,,,,,,,,8000000.000,,,,
IntangiblesAssetsArisingFromInsuranceContractsAcquiredInBusinessCombinationAmortizationExpense,,,,,,,,,,,,,,,,,,,140400000.000,,,,,,
InterestExpense,54147000.000,55099000.000,48911000.000,47435000.000,39298000.000,57360000.000,37906000.000,37641000.000,38700000.000,38204000.000,37926000.000,40632000.000,42941000.000,14085000.000,42851000.000,34229000.000,51438000.000,49667000.000,51929000.000,52181000.000,52303000.000,55738000.000,49445000.000,52277000.000,50711000.000
InterestExpenseDebt,,,,,-27320000.000,26089000.000,26192000.000,80805000.000,26136000.000,26121000.000,26342000.000,28887000.000,32160000.000,32284000.000,31703000.000,25074000.000,41481000.000,39038000.000,40798000.000,41704000.000,41613000.000,43733000.000,43025000.000,41687000.000,40250000.000
InvestmentIncomeNet,280263000.000,296505000.000,290106000.000,270895000.000,265242000.000,262631000.000,239480000.000,244995000.000,246469000.000,232546000.000,237921000.000,240780000.000,233189000.000,232773000.000,226430000.000,226233000.000,208513000.000,223204000.000,225146000.000,215507000.000,205886000.000,215388000.000,209771000.000,196088000.000,200532000.000
LiabilityForFuturePolicyBenefitsPeriodExpense,133231000.000,137416000.000,139549000.000,124878000.000,121307000.000,131150000.000,119439000.000,114302000.000,110954000.000,116767000.000,116549000.000,121432000.000,113587000.000,85299000.000,20101000.000,23976000.000,19387000.000,22081000.000,22579000.000,51950000.000,4937000.000,5482000.000,5875000.000,11950000.000,7291000.000
LiabilityForUnpaidClaimsAndClaimsAdjustmentExpenseBusinessAcquisitions,,,,,,,,,,,,,,,,,,,,,,,,,0.000
LiabilityForUnpaidClaimsAndClaimsAdjustmentExpenseClaimsPaidCurrentYear1,,,,,,,,,,,,,,,,,,,,,,,,,106472000.000
LiabilityForUnpaidClaimsAndClaimsAdjustmentExpenseClaimsPaidPriorYears1,,,,,,,,,,,,,,,,,,,,,,,,,1222119000.000
LiabilityForUnpaidClaimsAndClaimsAdjustmentExpenseForeignCurrencyTranslationGainLoss,,,,,,,,,,,,,,,,,,,,,,,,,56244000.000
LiabilityForUnpaidClaimsAndClaimsAdjustmentExpenseIncurredClaims1,,,,,,,,,,,,,,,,,,,,,,,,,1583456000.000
MarketableSecuritiesGainLoss,,,,,,,,,,,,,,,,,52891000.000,49967000.000,51407000.000,47913000.000,92750000.000,104617000.000,143676000.000,31095000.000,37286000.000
MarketableSecuritiesRealizedGainLossOtherThanTemporaryImpairmentsAmount,37400000.000,27200000.000,66800000.000,28800000.000,,,,,3727000.000,1561000.000,2388000.000,2590000.000,2276000.000,,,,,,,,,,,,
MinorityInterestPeriodIncreaseDecrease,130000.000,,,,,,,,,,,,,,,,,,,,,,,,
NetCashProvidedByUsedInFinancingActivities,-229458000.000,,,,-735188000.000,,,,-263938000.000,,,,-232310000.000,,,,896093000.000,,,,-448791000.000,,,,-291600000.000
NetCashProvidedByUsedInFinancingActivitiesContinuingOperations,-229458000.000,,,,-735188000.000,,,,-263938000.000,,,,-232310000.000,,,,896093000.000,,,,-448791000.000,,,,-291600000.000
NetCashProvidedByUsedInInvestingActivities,500093000.000,,,,-762110000.000,,,,-2493000.000,,,,700280000.000,,,,-195554000.000,,,,203961000.000,,,,234487000.000
NetCashProvidedByUsedInInvestingActivitiesContinuingOperations,500093000.000,,,,-762110000.000,,,,-2493000.000,,,,700280000.000,,,,-195554000.000,,,,203961000.000,,,,234487000.000
NetCashProvidedByUsedInOperatingActivities,63335000.000,,,,153370000.000,,,,145644000.000,,,,200068000.000,,,,34978000.000,,,,-171113000.000,,,,-47497000.000
NetCashProvidedByUsedInOperatingActivitiesContinuingOperations,63335000.000,,,,153370000.000,,,,145644000.000,,,,200068000.000,,,,34978000.000,,,,-171113000.000,,,,-47497000.000
NetIncomeLoss,-227284000.000,225663000.000,42398000.000,-515537000.000,176628000.000,221156000.000,171902000.000,81448000.000,350790000.000,272698000.000,135648000.000,300780000.000,255717000.000,-279261000.000,72384000.000,139500000.000,36281000.000,915039000.000,27282000.000,228550000.000,21885000.000,43782000.000,70601000.000,304700000.000,152843000.000
NetIncomeLossAttributableToNoncontrollingInterest,33336000.000,2102000.000,33993000.000,1446000.000,36557000.000,,,,,,,,,,,,,,,,,,,,
NetIncomeLossAvailableToCommonStockholdersBasic,-227284000.000,225663000.000,42398000.000,-515537000.000,176628000.000,221156000.000,171902000.000,81448000.000,,,,,,,,,,,,,,,,,
NetIncomeLossAvailableToCommonStockholdersDiluted,,,,,,221156000.000,,,,,,,,,,,,,,,,,,,
NetInvestmentIncome,,,,,247994000.000,245226000.000,221961000.000,225498000.000,228728000.000,214410000.000,219867000.000,222784000.000,214419000.000,,,,,,,,,,,,
OperatingExpenses,260527000.000,266098000.000,246930000.000,308924000.000,282411000.000,299052000.000,305746000.000,286742000.000,283833000.000,303159000.000,311506000.000,314680000.000,310424000.000,333030000.000,341255000.000,356606000.000,325656000.000,507354000.000,570142000.000,563787000.000,515381000.000,522521000.000,508458000.000,517002000.000,468038000.000
OtherComprehensiveIncomeDefinedBenefitPlansAdjustmentNetOfTaxPeriodIncreaseDecrease,-344000.000,53000.000,1684000.000,1229000.000,,167000.000,-2026000.000,,,,,,,,,,,,,,,,,,
OtherComprehensiveIncomeDerivativesQualifyingAsHedgesNetOfTaxPeriodIncreaseDecrease,110000.000,-110000.000,110000.000,-549000.000,,110000.000,110000.000,,,,,,,,,,,,,,,,,,
OtherComprehensiveIncomeForeignCurrencyTransactionAndTranslationAdjustmentNetOfTaxPeriodIncreaseDecrease,11616000.000,-72741000.000,-85635000.000,120060000.000,,-45695000.000,17411000.000,,,,,,,,,,,,,,,,,,
OtherComprehensiveIncomeForeignCurrencyTransactionAndTranslationAdjustmentNetOfTaxPortionAttributableToParent,,,,,,,,,-3921000.000,-23718000.000,4020000.000,-31239000.000,-3880000.000,-9602000.000,-11814000.000,-433000.000,36103000.000,-34423000.000,-22394000.000,-4601000.000,-16439000.000,63343000.000,44198000.000,4371000.000,41938000.000
OtherComprehensiveIncomeLossBeforeReclassificationsBeforeTax,,,,,,,,,,-725170000.000,127068000.000,,259319000.000,359719000.000,37383000.000,260531000.000,287646000.000,-581964000.000,-28508000.000,-191268000.000,558557000.000,464638000.000,252673000.000,-920095000.000,188822000.000
OtherComprehensiveIncomeLossDerivativesQualifyingAsHedgesNetOfTax,,,,,110000.000,,,,110000.000,110000.000,110000.000,109000.000,110000.000,110000.000,83000.000,-48000.000,95000.000,12000.000,12000.000,-319000.000,-39000.000,-48000.000,-47000.000,-48000.000,-48000.000
OtherComprehensiveIncomeLossForeignCurrencyTransactionAndTranslationAdjustmentNetOfTax,,,,,8721000.000,,,,,,,,,,,,,,,,,,,,
OtherComprehensiveIncomeLossNetOfTax,,,,,,,,,-114901000.000,-694359000.000,51556000.000,-25659000.000,210004000.000,260373000.000,24894000.000,252530000.000,220712000.000,-628996000.000,-121092000.000,-268466000.000,407941000.000,314030000.000,111218000.000,-804259000.000,129428000.000
OtherComprehensiveIncomeLossPensionAndOtherPostretirementBenefitPlansAdjustmentNetOfTax,,,,,174000.000,,,,-385000.000,90000.000,-1092000.000,-9775000.000,32000.000,8000.000,-418000.000,7928000.000,-975000.000,1329000.000,-93000.000,3591000.000,1049000.000,-100000.000,-4037000.000,3334000.000,357000.000
OtherComprehensiveIncomeLossTax,,,,,,,,,-12723000.000,-71669000.000,77580000.000,-91494000.000,30196000.000,26759000.000,-10058000.000,-5840000.000,2184000.000,-38852000.000,521000.000,-7084000.000,35774000.000,39993000.000,-7577000.000,-85740000.000,8247000.000
OtherIncome,,,,,-1639000.000,-815000.000,,,,,,,,,,,,,,,,,,,
OtherNoncashIncome,,,,,,,0.000,,,,,,,,,,,,,,,,,,
OtherNoncashIncomeExpense,,,,,-8835000.000,,,,-3697000.000,,,,-20452000.000,,,,-17851000.000,,,,41618000.000,,,,9323000.000
OtherOperatingIncomeExpenseNet,,,,,,,1488000.000,,-264000.000,-791000.000,-1547000.000,-3090000.000,-494000.000,-2858000.000,-3058000.000,-481000.000,-6508000.000,-1364000.000,-4420000.000,-1064000.000,-2723000.000,-2330000.000,-3271000.000,-4991000.000,2215000.000
OtherThanTemporaryImpairmentCreditLossesRecognizedInEarningsAdditionsAdditionalCreditLosses,,,,,14930000.000,21952000.000,4834000.000,11153000.000,2304000.000,1996000.000,2942000.000,3940000.000,2261000.000,892000.000,729000.000,303000.000,141000.000,246000.000,945000.000,898000.000,230000.000,873000.000,911000.000,219000.000,102000.000
OtherThanTemporaryImpairmentCreditLossesRecognizedInEarningsAdditionsNoPreviousImpairment,,,,,1835000.000,4043000.000,2805000.000,4317000.000,500000.000,27000.000,242000.000,37000.000,12000.000,30000.000,93000.000,3772000.000,7560000.000,0.000,2004000.000,134000.000,10567000.000,668000.000,811000.000,821000.000,124000.000
OtherThanTemporaryImpairmentCreditLossesRecognizedInEarningsReductionsCashFlows,,,,,-15000.000,283000.000,2773000.000,13172000.000,4971000.000,4083000.000,2222000.000,2448000.000,2347000.000,3105000.000,2471000.000,361000.000,2646000.000,3361000.000,2165000.000,4952000.000,2410000.000,2191000.000,2003000.000,2192000.000,2357000.000
OtherThanTemporaryImpairmentCreditLossesRecognizedInEarningsReductionsChangeInStatus,,,,,,0.000,0.000,,0.000,0.000,0.000,0.000,0.000,0.000,0.000,0.000,,2629000.000,0.000,,,0.000,0.000,,
OtherThanTemporaryImpairmentCreditLossesRecognizedInEarningsReductionsSecuritiesSold,,,,,,40797000.000,33114000.000,,6475000.000,55144000.000,17341000.000,13207000.000,3348000.000,3322000.000,1840000.000,34161000.000,28539000.000,8495000.000,1531000.000,16083000.000,4877000.000,2938000.000,7760000.000,2603000.000,836000.000
OtherThanTemporaryImpairmentLossesInvestmentsAvailableforsaleSecurities,,,-66815000.000,,,,,,,,,,,,,,,,,,,,,,
OtherThanTemporaryImpairmentLossesInvestmentsPortionInOtherComprehensiveIncomeLossBeforeTaxIncludingPortionAttributableToNoncontrollingInterest,,,,,2400000.000,,,,,,,,,,,,,,,,,,,,
OtherThanTemporaryImpairmentLossesInvestmentsPortionRecognizedInEarningsNetAvailableforsaleSecurities,,,,,,28193000.000,12629000.000,,4637000.000,2389000.000,3187000.000,6086000.000,3727000.000,,,,,,,,,,,,
OtherUnderwritingExpense,,,,,-226700000.000,237067000.000,236373000.000,674559000.000,227013000.000,236342000.000,237650000.000,256836000.000,247102000.000,263722000.000,271703000.000,287162000.000,251883000.000,363829000.000,422867000.000,400792000.000,391884000.000,376133000.000,370279000.000,370563000.000,357719000.000
PaymentsForLossesAndLossAdjustmentExpense,,,,,,,,,,,,,,,,,,,,,,,,,1328591000.000
PaymentsForProceedsFromOtherInvestingActivities,-4103000.000,,,,45333000.000,,,,-121771000.000,,,,106075000.000,,,,32141000.000,,,,-82141000.000,,,,-23429000.000
PaymentsForRepurchaseOfCommonStock,166502000.000,,,,100490000.000,,,,224420000.000,,,,176496000.000,,,,1966000.000,,,,355901000.000,,,,200488000.000
PaymentsForRestructuring,,,,,,,,,,,,,,,,,,,,,51344000.000,,,,30000000.000
PaymentsOfDividendsCommonStock,34021000.000,,,,,,,,805000.000,,,,43847000.000,,,,40922000.000,,,,57861000.000,,,,58392000.000
PaymentsOfDividendsMinorityInterest,2287000.000,,,,3985000.000,,,,3257000.000,,,,3008000.000,,,,7172000.000,,,,27857000.000,,,,25400000.000
PaymentsOfDividendsPreferredStockAndPreferenceStock,,,,,1218000.000,,,,,,,,,,,,,,,,,,,,
PaymentsRelatedToTaxWithholdingForShareBasedCompensation,,,,,,,,,,,,,,,,,,,,,,,,,22871000.000
PaymentsToAcquireAvailableForSaleSecuritiesDebt,1188395000.000,,,,3385981000.000,,,,2262022000.000,,,,1411447000.000,,,,2835304000.000,,,,4325679000.000,,,,3633007000.000
PaymentsToAcquireAvailableForSaleSecuritiesEquity,248446000.000,,,,119052000.000,,,,209793000.000,,,,80833000.000,,,,94141000.000,,,,55411000.000,,,,47967000.000
PaymentsToAcquireBusinessesNetOfCashAcquired,,,,,,,,,,,,,,,,,,,,,69745000.000,,,,0.000
PaymentsToAcquireInterestInSubsidiariesAndAffiliates,,,,,,,,,,,,,86205000.000,,,,29037000.000,,,,247049000.000,,,,35926000.000
PolicyholderBenefitsAndClaimsIncurredNet,1208865000.000,823584000.000,988059000.000,1057883000.000,854065000.000,826355000.000,894076000.000,1190986000.000,843084000.000,937606000.000,1006520000.000,944254000.000,831505000.000,827880000.000,859588000.000,739420000.000,769827000.000,1151195000.000,1464285000.000,1380893000.000,1382485000.000,1632386000.000,1491803000.000,1566161000.000,1583456000.000
PremiumsEarnedNet,1361383000.000,1398339000.000,1453326000.000,1477082000.000,1436418000.000,1486595000.000,1548040000.000,1619388000.000,1529691000.000,1562393000.000,1625312000.000,1592125000.000,1488839000.000,1496594000.000,1473412000.000,1436225000.000,1334000000.000,2082053000.000,2423552000.000,2386820000.000,2354610000.000,2532212000.000,2434037000.000,2457075000.000,2522791000.000
PremiumsEarnedNetLife,89687000.000,92214000.000,90794000.000,90323000.000,78520000.000,85623000.000,79487000.000,80829000.000,,73896000.000,74683000.000,,76311000.000,58518000.000,19739000.000,23064000.000,14506000.000,18258000.000,17812000.000,11665000.000,3164000.000,3508000.000,2360000.000,3015000.000,3310000.000
PremiumsEarnedNetPropertyAndCasualty,1271696000.000,1306125000.000,1362532000.000,1386759000.000,1357898000.000,1400972000.000,1468553000.000,1538559000.000,,,,,,,,,1319494000.000,2063795000.000,2405740000.000,2375155000.000,2351446000.000,2528704000.000,2431677000.000,2454060000.000,2519481000.000
PremiumsWrittenGross,,,,,,,,,,2025472000.000,1692131000.000,,2512936000.000,2198239000.000,1684198000.000,1699553000.000,2555360000.000,3081135000.000,2739350000.000,2603080000.000,4428226000.000,3599323000.000,2783603000.000,3079772000.000,4678417000.000
PremiumsWrittenNet,1803954000.000,1398253000.000,1383475000.000,1210068000.000,2041724000.000,1432901000.000,1387751000.000,1419077000.000,2107654000.000,1533868000.000,1402062000.000,1155820000.000,1995851000.000,1491844000.000,1233985000.000,1223161000.000,1851249000.000,2118331000.000,2091028000.000,1890455000.000,3064759000.000,2726119000.000,2135658000.000,2316147000.000,2983070000.000
PriorPeriodReclassificationAdjustment,,,,,,,,,,,,,,,,,,,,,,,,,27100000.000
ProceedsFromDivestitureOfInterestInConsolidatedSubsidiaries,,,,,,,,,,,,,,,,,,,,,,,,,0.000
ProceedsFromDivestitureOfInterestInSubsidiariesAndAffiliates,,,,,,,,,,,,,145174000.000,,,,77916000.000,,,,41538000.000,,,,168237000.000
ProceedsFromIssuanceOfLongTermDebt,,,,,,,,,,,,,,,,,980600000.000,,,,0.000,,,,
ProceedsFromIssuanceOfSeniorLongTermDebt,600000000.000,,,,600000000.000,,,,,,,,,,,,,,,,,,,,
ProceedsFromMaturitiesPrepaymentsAndCallsOfAvailableForSaleSecurities,689130000.000,,,,1246431000.000,,,,1174101000.000,,,,1056358000.000,,,,1053739000.000,,,,949221000.000,,,,1228356000.000
ProceedsFromMinorityShareholders,,,,,,,,,,,,,7001000.000,,,,2569000.000,,,,883000.000,,,,26000.000
ProceedsFromSaleOfAvailableForSaleSecuritiesDebt,1122182000.000,,,,1499832000.000,,,,1198391000.000,,,,1106926000.000,,,,1473941000.000,,,,3772077000.000,,,,2492005000.000
ProceedsFromSaleOfAvailableForSaleSecuritiesEquity,70349000.000,,,,7635000.000,,,,37446000.000,,,,76382000.000,,,,189473000.000,,,,62895000.000,,,,46379000.000
ProceedsFromSaleOfEquityMethodInvestments,51170000.000,,,,34358000.000,,,,,,,,,,,,,,,,,,,,
ProfitLoss,-193948000.000,227765000.000,76391000.000,-514091000.000,213185000.000,224610000.000,207746000.000,84847000.000,386532000.000,275878000.000,170670000.000,303567000.000,291476000.000,-275579000.000,109967000.000,142974000.000,73671000.000,919918000.000,85171000.000,234579000.000,83028000.000,48826000.000,128677000.000,309614000.000,213849000.000
RealizedInvestmentGainsLosses,-66437000.000,-9544000.000,-62354000.000,-50024000.000,20803000.000,-12393000.000,-5493000.000,11181000.000,36510000.000,40968000.000,-1958000.000,12257000.000,19229000.000,72697000.000,4341000.000,11195000.000,52891000.000,49967000.000,51407000.000,47913000.000,92750000.000,104617000.000,143676000.000,,37286000.000
ReclassificationFromAccumulatedOtherComprehensiveIncomeCurrentPeriodBeforeTax,,,,,,,,,,40858000.000,-2068000.000,,19119000.000,72587000.000,22547000.000,13841000.000,64750000.000,85884000.000,92063000.000,84282000.000,114842000.000,110615000.000,149032000.000,-30096000.000,51147000.000
RepaymentsOfLongTermDebt,,,,,600000000.000,,,,0.000,,,,,,,,,,,,,,,,
Revenues,1614858000.000,1695182000.000,1658019000.000,1728744000.000,1752432000.000,1746739000.000,1817484000.000,1913825000.000,1862408000.000,1888216000.000,1878109000.000,1912501000.000,1787824000.000,1823506000.000,1543332000.000,1447605000.000,1422615000.000,2685296000.000,2569702000.000,2631313000.000,2417227000.000,2647422000.000,2588120000.000,2893317000.000,2755361000.000
SalesRevenueNet,1681295000.000,1704726000.000,1720373000.000,1778768000.000,1475079000.000,1441635000.000,1539211000.000,1677146000.000,1597170000.000,1632838000.000,1660200000.000,1677460000.000,1554176000.000,1750809000.000,1538991000.000,1436410000.000,1369724000.000,2635329000.000,2518295000.000,2583400000.000,2324477000.000,2542805000.000,2444444000.000,2893317000.000,2718075000.000
SegmentReportingInformationIncomeTaxExpenseBenefit,32332000.000,,,,,,,,,,,,,,,,,,,,,,,,
ShareBasedCompensation,8829000.000,,,,11172000.000,,,,15086000.000,,,,15974000.000,,,,18295000.000,,,,20707000.000,,,,12694000.000
ShareBasedCompensationArrangementByShareBasedPaymentAwardFairValueAssumptionsExpectedDividendRate,0.019,,,,0.019,,,,0.020,,,,0.020,,,,0.020,,,,0.020,,,,0.020
ShareBasedCompensationArrangementByShareBasedPaymentAwardFairValueAssumptionsRiskFreeInterestRate,0.026,,,,0.012,,,,0.011,,,,0.018,,,,0.017,,,,0.014,,,,0.020
ShareBasedCompensationArrangementByShareBasedPaymentAwardFairValueAssumptionsWeightedAverageVolatilityRate,0.500,,,,0.460,,,,0.370,,,,0.340,,,,0.219,,,,0.217,,,,0.195
ShareBasedCompensationArrangementByShareBasedPaymentAwardOptionsGrantsInPeriod,1000000.000,,,,1200000.000,,,,,,,,,,,,,,,,,,,,
ShareBasedCompensationArrangementByShareBasedPaymentAwardOptionsGrantsInPeriodWeightedAverageGrantDateFairValue,9.820,,,,7620000.000,,,,,,,,,,,,,,,,,,,,
StockRepurchasedAndRetiredDuringPeriodShares,,,,,,,,,8000000.000,,,,,,,,,,,,,9700000.000,6600000.000,,5100000.000
StockRepurchasedAndRetiredDuringPeriodValue,,,,,,,,,223300000.000,,,,,,,,,,,,,328300000.000,221700000.000,,200500000.000
SupplementalInformationForPropertyCasualtyInsuranceUnderwritersCurrentYearClaimsAndClaimsAdjustmentExpense,,,,,,,,,,,,,,,,,,,,,,,,,1559452000.000
SupplementalInformationForPropertyCasualtyInsuranceUnderwritersPriorYearClaimsAndClaimsAdjustmentExpense,,,,,,,,,,,,,,,,,,,,,,,,,24004000.000
TranslationAdjustmentForNetInvestmentHedgeIncreaseDecreaseNetOfTax,41400000.000,27800000.000,75100000.000,-107464000.000,-37872000.000,56777000.000,-40784000.000,,,,,,,,,,,,,,,,,,
TreasuryStockRetiredCostMethodAmount,,92300000.000,307700000.000,,100000000.000,,,,,,,,,,,,,,,,,,,,
TreasuryStockRetiredParValueMethodAmount,,,,,,125000000.000,,,,,,,,,,,,,,,,,,,
TreasuryStockSharesRetired,7300000.000,4300000.000,15100000.000,5000000.000,4700000.000,6100000.000,,,,,,,,,,,,,,,,,,,
TreasuryStockValueAcquiredCostMethod,690400000.000,,290400000.000,,190000000.000,,,,,,,,,,,,,,,,,,,,
TreasuryStockValueRetiredCostMethod,165600000.000,,,,,,,,,,,,,,,,,,,,,,,,
UnderwritingIncomeLoss,,,,,10195000.000,73086000.000,61805000.000,,,,,,,,,,,,,,,,,,
UnrealizedGainLossOnHybridInstrumentNet,92100000.000,,,,78100000.000,,,,,,,,,,,,,,,,,,,,
WeightedAverageNumberDilutedSharesOutstandingAdjustment,,,,,,,,,,,,,,,,,,,,,4697000.000,3289000.000,3434000.000,-7619000.000,4077000.000
WeightedAverageNumberOfDilutedSharesOutstanding,311478000.000,341989000.000,313848000.000,-654419000.000,317639000.000,312435000.000,307764000.000,-627556000.000,299469000.000,294333000.000,290490000.000,-592223000.000,280458000.000,270924000.000,269140000.000,-548995000.000,260704000.000,293983000.000,306954000.000,-570642000.000,296666000.000,285082000.000,277094000.000,-576084000.000,269767000.000
WeightedAverageNumberOfSharesOutstandingBasic,311478000.000,309184000.000,311714000.000,-619480000.000,315120000.000,309765000.000,304199000.000,-621712000.000,295000000.000,289513000.000,285393000.000,-582105000.000,276337000.000,270924000.000,264353000.000,-544511000.000,255724000.000,289420000.000,301867000.000,-560817000.000,291969000.000,281793000.000,273660000.000,-568465000.000,265690000.000
