,2011-09-30,2012-03-31,2012-06-30,2012-09-30,2012-12-31,2013-03-31,2013-06-30,2013-09-30,2013-12-31,2014-03-31,2014-06-30,2014-09-30,2014-12-31,2015-03-31,2015-06-30,2015-09-30,2015-12-31,2016-03-31,2016-06-30,2016-09-30,2016-12-31,2017-03-31
CashAndCashEquivalentsPeriodIncreaseDecrease,,16.000,,,,-25.000,,,,-170.000,,,,,,,,323357.000,,,,-1813784.000
CostOfServices,,,,,,,,,,,,,,,,,,32087.000,,,,
Depreciation,,,,,,,,,,,,,,,,,,6377.000,9733.000,10092.000,10093.000,10062.000
DepreciationDepletionAndAmortization,,,,,,,,,,,,,,,,,,7028.000,,,,10713.000
EarningsPerShareBasic,,,,,,,,,,,,,,,,,,-0.050,,,,
EarningsPerShareBasicAndDiluted,0.000,,,,,,,,,,,,,,,,,,-0.060,-0.060,,-0.100
EarningsPerShareDiluted,,,,,,,,,,,,,,,,,,-0.050,,,,
ExchangeFees,,,,,,,,,,,,,,,2500.000,2500.000,,,,,,
GainLossOnSaleOfInvestments,,,,,,,,,,,,,,,,,,8972.000,-273.000,-1524.000,52681.000,
GeneralAndAdministrativeExpense,,,,,,,,,,,,,,,,,,77146.000,79717.000,70770.000,63176.000,94129.000
GrossProfit,,,,,,,,,,,,,,,,,,35897.000,,,,
IncreaseDecreaseInAccountsPayableAndAccruedLiabilities,,6498.000,,,,-350.000,,,,-1650.000,,,,,,,,-113787.000,,,,188945.000
IncreaseDecreaseInAccountsReceivable,,,,,,,,,,,,,,,,,,2815.000,,,,17391.000
IncreaseDecreaseInBillingInExcessOfCostOfEarnings,,,,,,,,,,,,,,,,,,-49022.000,,,,
IncreaseDecreaseInPrepaidExpense,,87.000,,,,-237.000,,,,-50.000,,,,10000.000,,,,15573.000,,,,2250.000
InterestExpense,,,888.000,990.000,,1058.000,1121.000,1245.000,1281.000,1290.000,1346.000,,,,,,,,,,,
InvestmentIncomeInterest,,,,,,,,,,,,,,,,,,1200.000,3312.000,3231.000,-307.000,644.000
LaborAndRelatedExpense,,,,,,,,,,,,,,,,,,40590.000,84876.000,69437.000,69437.000,85144.000
LeaseAndRentalExpense,,,,,,,,,,,,,,,,,,6875.000,6875.000,7134.000,7134.000,7134.000
LegalFees,0.000,507.000,,,,787.000,317.000,,,,1614.000,500.000,,,,,,,,,,
NetCashProvidedByUsedInFinancingActivities,,849.000,,,,2475.000,,,,2550.000,,,,17531.000,,,,2904033.000,,,,
NetCashProvidedByUsedInFinancingActivitiesContinuingOperations,,849.000,,,,2475.000,,,,2550.000,,,,17531.000,,,,2904033.000,,,,
NetCashProvidedByUsedInInvestingActivities,,,,,,,,,,,,,,,,,,-2198961.000,,,,-1499934.000
NetCashProvidedByUsedInInvestingActivitiesContinuingOperations,,,,,,,,,,,,,,,,,,-2198961.000,,,,-1499934.000
NetCashProvidedByUsedInOperatingActivities,,-833.000,,,,-2500.000,,,,-2720.000,,,,-17531.000,,,,-381715.000,,,,-313850.000
NetCashProvidedByUsedInOperatingActivitiesContinuingOperations,,-833.000,,,,-2500.000,,,,-2720.000,,,,-17531.000,,,,-381715.000,,,,-313850.000
NetIncomeLoss,-6120.000,-7418.000,-2665.000,-3156.000,-3793.000,-3445.000,-8812.000,-3519.000,-3484.000,-2410.000,-10326.000,-9182.000,-5221.000,-7531.000,-7432.000,-12312.000,-258724.000,,,,,
NetIncomeLossAvailableToCommonStockholdersBasic,,,,,,,,,,,,,,,,,,-304500.000,-378140.000,-330745.000,-335188.000,-589261.000
NoninterestExpenseTransferAgentAndCustodianFees,,,390.000,388.000,,594.000,350.000,402.000,399.000,365.000,550.000,402.000,1259.000,300.000,150.000,1075.000,,,,,,
NonoperatingIncomeExpense,,,-888.000,-990.000,,-1058.000,-1121.000,-1245.000,-1281.000,-1290.000,-1346.000,,,,,,,-71680.000,-65752.000,-36449.000,75324.000,-6513.000
OperatingExpenses,6120.000,7418.000,1776.000,2166.000,2758.000,2387.000,7691.000,2274.000,2203.000,1120.000,8980.000,9182.000,5221.000,7531.000,7432.000,12312.000,811931.000,255233.000,304051.000,266438.000,449327.000,548836.000
OperatingIncomeLoss,-6120.000,7418.000,-1776.000,-2166.000,-17594.000,-2387.000,-7691.000,-2274.000,-2203.000,-1120.000,-8980.000,-9182.000,-5221.000,-7531.000,-7432.000,-12312.000,-695583.000,-219336.000,-253796.000,-234608.000,-345727.000,-522156.000
OtherExpenses,24.000,93.000,36.000,24.000,60.000,24.000,24.000,,,5.000,5.000,10.000,21.000,,,,,,,,,
OtherNonoperatingExpense,,,888.000,990.000,,1058.000,1121.000,1245.000,1281.000,1290.000,1346.000,,,,,,,,,,,
PaidInKindInterest,,,,990.000,,1058.000,,,,1290.000,,,,,,,,,,,,
PaymentsToAcquireTradingSecuritiesHeldforinvestment,,,,,,,,,,,,,,,,,,2272145.000,,,,1499934.000
PreferredStockDividendsIncomeStatementImpact,,,,,,,,,,,,,,,,,,13484.000,58592.000,59688.000,64785.000,60592.000
ProceedsFromIssuanceOfPreferredStockAndPreferenceStock,,,,,,,,,,,,,,,,,,2904033.000,,,,
ProceedsFromRelatedPartyDebt,,849.000,,,,2475.000,,,,2550.000,,,,17531.000,,,,,,,,
ProceedsFromSaleAndMaturityOfMarketableSecurities,,,,,,,,,,,,,,,,,,18184.000,,,,
ProceedsFromSaleOfOtherInvestments,,,,,,,,,,,,,,,,,,55000.000,,,,
ProfessionalFees,1968.000,5000.000,1200.000,1475.000,1200.000,,5200.000,1200.000,,,5200.000,4689.000,,5800.000,3810.000,2935.000,,,,,,
ProfitLoss,,,,,,,,,,,,,,,,,,-291016.000,-319548.000,-271057.000,,-528669.000
ResearchAndDevelopmentExpense,,,,,,,,,,,,,,,,,,137497.000,139458.000,126231.000,316714.000,369563.000
Revenues,0.000,,,,,,,,,,,,,,,,,67984.000,50255.000,31830.000,71513.000,26680.000
SalesRevenueNet,0.000,,,,,,,,,,,,,,,,,67984.000,50255.000,31830.000,71513.000,26680.000
ShareBasedCompensation,,,,,,,,,,,,,,,,,,10590.000,,,,27645.000
ShareBasedCompensationArrangementByShareBasedPaymentAwardFairValueAssumptionsExpectedDividendRate,,,,,,,,,,,,,,,,,,0.000,,,,
ShareBasedCompensationArrangementByShareBasedPaymentAwardFairValueAssumptionsExpectedVolatilityRate,,,,,,,,,,,,,,,,,,0.260,,,,
ShareBasedCompensationArrangementByShareBasedPaymentAwardFairValueAssumptionsRiskFreeInterestRateMaximum,,,,,,,,,,,,,,,,,,0.014,,,,
ShareBasedCompensationArrangementByShareBasedPaymentAwardFairValueAssumptionsRiskFreeInterestRateMinimum,,,,,,,,,,,,,,,,,,0.013,,,,
ShareBasedCompensationArrangementByShareBasedPaymentAwardNonOptionEquityInstrumentsExpirations,,,,,,,,,,,,,,,,,,,,,,2595.000
ShareBasedCompensationArrangementByShareBasedPaymentAwardOptionsGrantsInPeriodGross,,,,,,,,,,,,,,,,,,280000.000,,,,
ShareBasedCompensationArrangementsByShareBasedPaymentAwardOptionsGrantsInPeriodWeightedAverageExercisePrice,,,,,,,,,,,,,,,,,,3.000,3.500,,,
SharebasedCompensationArrangementBySharebasedPaymentAwardOptionsVestedNumberOfShares,,,,,,,,,,,,,,,,,,0.000,,,,83333.000
StockOptionPlanExpense,,,,,,,,,,,,,,,,,,10590.000,27376.000,31937.000,31937.000,27645.000
TradingSecuritiesUnrealizedHoldingGainLoss,,,,,,,,,,,,,,,,,,-81852.000,-68791.000,-38156.000,22950.000,-7157.000
WeightedAverageNumberOfDilutedSharesOutstanding,,,,,,,,,,,,,,,,,,5881898.000,,,,
WeightedAverageNumberOfShareOutstandingBasicAndDiluted,,,7894111.000,7894111.000,,7894111.000,7894111.000,7894111.000,-15788222.000,7894111.000,7894111.000,7894111.000,-15788222.000,7894111.000,7894111.000,7894111.000,-18775830.000,,5881898.000,5881898.000,,5881898.000
WeightedAverageNumberOfSharesOutstandingBasic,,,,,,,,,,,,,,,,,,5881898.000,,,,
