,2011-03-31,2011-06-30,2011-09-30,2011-12-31,2012-03-31,2012-06-30,2012-09-30,2012-12-31,2013-03-31,2013-06-30,2013-09-30,2013-12-31,2014-03-31,2014-06-30,2014-09-30,2014-12-31,2015-03-31,2015-06-30
AdjustmentsNoncashItemsToReconcileNetIncomeLossToCashProvidedByUsedInOperatingActivitiesOther,-9807000.000,,,,,,,,,,,,,,,,,
AdjustmentsRelatedToTaxWithholdingForShareBasedCompensation,,,,,,,,,,,,,,,,,-7697000.000,
AdjustmentsToAdditionalPaidInCapitalSharebasedCompensationRequisiteServicePeriodRecognitionValue,,,,,,,,,,,,,,,,,4631000.000,
AntidilutiveSecuritiesExcludedFromComputationOfEarningsPerShareAmount,,424000.000,2744000.000,,2224000.000,642000.000,461000.000,-2884000.000,47000.000,109000.000,131000.000,-178000.000,,,,,,
AssumedPremiumsEarned,,,,,,,,,,,,,,,79258000.000,,71168000.000,72833000.000
AssumedPremiumsWritten,,80781000.000,73420000.000,,137919000.000,113557000.000,61919000.000,48160000.000,138634000.000,96333000.000,61975000.000,38253000.000,126210000.000,83490000.000,67471000.000,34969000.000,109088000.000,77217000.000
AvailableForSaleEquitySecuritiesGrossUnrealizedGain,,,,,,,,,,,,,41779000.000,,,,25464000.000,
AvailableForSaleEquitySecuritiesGrossUnrealizedLoss,,,,,,,,,,,,,-7469000.000,,,,-16136000.000,
AvailableForSaleSecuritiesContinuousUnrealizedLossPosition12MonthsOrLongerAggregateLosses,,,,,,,,,,,,,-13852000.000,,,,-10930000.000,
AvailableForSaleSecuritiesContinuousUnrealizedLossPositionAggregateLosses,,,,,,,,,,,,,-62839000.000,,,,-42319000.000,
AvailableForSaleSecuritiesContinuousUnrealizedLossPositionLessThan12MonthsAggregateLosses,,,,,,,,,,,,,-48987000.000,,,,-31389000.000,
AvailableForSaleSecuritiesGrossUnrealizedGains,,,,,,,,,,,,,240958000.000,,,,286591000.000,
AvailableForSaleSecuritiesGrossUnrealizedLoss,,,,,,,,,,,,,-55370000.000,,,,-26183000.000,
BenefitsLossesAndExpenses,500829000.000,487947000.000,527732000.000,502491000.000,492563000.000,497969000.000,478054000.000,502814000.000,482970000.000,504600000.000,496377000.000,480247000.000,493958000.000,505930000.000,485381000.000,505444000.000,525622000.000,592294000.000
CashAndCashEquivalentsPeriodIncreaseDecrease,926000.000,,,,-13637000.000,,,,4287000.000,,,,14223000.000,,,,-8629000.000,
CededPremiumsEarned,,,,,,,,,,,,,,,156325000.000,,174189000.000,173128000.000
CededPremiumsWritten,,132209000.000,116513000.000,,124285000.000,149465000.000,135456000.000,121470000.000,141021000.000,180409000.000,157179000.000,146317000.000,156540000.000,185715000.000,145620000.000,140498000.000,157220000.000,211620000.000
CommonStockDividendsPerShareDeclared,0.145,,,,,,,,0.165,,,,0.225,,,,0.295,
ComprehensiveIncomeNetOfTax,45281000.000,119888000.000,116568000.000,103979000.000,99220000.000,108974000.000,165525000.000,85133000.000,78679000.000,-53819000.000,102058000.000,103659000.000,151481000.000,155337000.000,90477000.000,117411000.000,110165000.000,18867000.000
DeferredPolicyAcquisitionCostAmortizationExpense,83378000.000,84483000.000,71299000.000,88974000.000,69444000.000,74490000.000,67620000.000,69647000.000,66949000.000,70796000.000,65642000.000,76052000.000,69041000.000,72970000.000,76210000.000,76449000.000,75211000.000,78459000.000
DepreciationAmortizationAndAccretionNet,4449000.000,,,,4605000.000,,,,4797000.000,,,,4169000.000,,,,5517000.000,
DirectPremiumsEarned,,,,,,,,,,,,,,,664002000.000,,703584000.000,742135000.000
DirectPremiumsWritten,,661301000.000,555427000.000,,544770000.000,677996000.000,603844000.000,595907000.000,581571000.000,713110000.000,616938000.000,633435000.000,620512000.000,749239000.000,663343000.000,656384000.000,717048000.000,900536000.000
DividendsCommonStockCash,-16638000.000,,,,-15863000.000,,,,-16572000.000,,,,-22500000.000,,,,-28270000.000,
EarningsPerShareBasic,0.410,0.610,0.560,0.730,0.800,0.920,1.060,1.060,1.050,0.880,0.980,1.140,1.080,0.970,1.410,1.160,1.170,0.840
EarningsPerShareDiluted,0.410,0.610,0.560,0.720,0.790,0.920,1.050,1.070,1.050,0.870,0.980,1.140,1.070,0.970,1.410,1.160,1.170,0.840
EffectiveIncomeTaxRateContinuingOperations,,,,,,,,,,,,,,,,,0.251,0.298
EffectiveIncomeTaxRateReconciliationAtFederalStatutoryIncomeTaxRate,,,,,,,,,,,,,,,,,0.350,0.350
FairValueMeasurementWithUnobservableInputsReconciliationLiabilityTransfersOutOfLevel3,,,,,-1015000.000,,,,,,0.000,,,,,,,
FairValueMeasurementWithUnobservableInputsReconciliationRecurringBasisAssetPurchases,,,,,,,,,9430000.000,,0.000,,,,,,,
FairValueMeasurementWithUnobservableInputsReconciliationRecurringBasisAssetSales,,-55000.000,-43000.000,,,,,,,,0.000,,,,,,,
FairValueMeasurementWithUnobservableInputsReconciliationRecurringBasisAssetSettlements,,,0.000,,,,-1863000.000,,,,0.000,,,,,,,
GainLossOnInvestments,3688000.000,,,,,,,,-8570000.000,,,,-20246000.000,,,,-13186000.000,
GoodwillAcquiredDuringPeriod,,,,,,,,,,,,,,,,,45000000.000,
GoodwillPurchaseAccountingAdjustments,,,31300000.000,,,,,,,,,,,,,,-1285000.000,
HeldToMaturitySecuritiesTransferredToAvailableForSaleSecuritiesUnrealizedGainLoss,,,,,2000000.000,,,,,,,,,,,,,
ImpairmentOfInvestments,,350000.000,,,,,,,,,,,,,,,,
IncomeLossFromContinuingOperationsBeforeIncomeTaxesMinorityInterestAndIncomeLossFromEquityMethodInvestments,62879000.000,96905000.000,82792000.000,112430000.000,116960000.000,134319000.000,153619000.000,149529000.000,151396000.000,124831000.000,140100000.000,156383000.000,154972000.000,137644000.000,204657000.000,164563000.000,150828000.000,114557000.000
IncomeTaxExpenseBenefit,15889000.000,27427000.000,22355000.000,34092000.000,34376000.000,40826000.000,46557000.000,41428000.000,45546000.000,36669000.000,41925000.000,41373000.000,47061000.000,40508000.000,64390000.000,51534000.000,37911000.000,34140000.000
IncomeTaxReconciliationForeignIncomeTaxRateDifferential,,,,,,,,,,,,,,,,,9951000.000,6011000.000
IncomeTaxReconciliationIncomeTaxExpenseBenefitAtFederalStatutoryIncomeTaxRate,,,,,,,,,,,,,,,,,52790000.000,40095000.000
IncomeTaxReconciliationOtherAdjustments,,,,,,,,,,,,,,,,,881000.000,109000.000
IncomeTaxReconciliationStateAndLocalIncomeTaxes,,,,,,,,,,,,,,,,,717000.000,722000.000
IncomeTaxReconciliationTaxCreditsForeign,,,,,,,,,,,,,,,,,9776000.000,5852000.000
IncomeTaxReconciliationTaxExemptIncome,,,,,,,,,,,,,,,,,9752000.000,6889000.000
IncomeTaxesPaid,,38501000.000,31366000.000,,5784000.000,33664000.000,44531000.000,23939000.000,32142000.000,67799000.000,26354000.000,55226000.000,-478000.000,70891000.000,25265000.000,36893000.000,28926000.000,57259000.000
IncreaseDecreaseInAccountsPayableAndAccruedLiabilities,-5680000.000,,,,-44098000.000,,,,-101424000.000,,,,-51885000.000,,,,-70757000.000,
IncreaseDecreaseInPrepaidReinsurancePremiums,35386000.000,,,,-8887000.000,,,,-528000.000,,,,-5939000.000,,,,16972000.000,
IncreaseDecreaseInPropertyAndCasualtyInsuranceLiabilities,159429000.000,,,,35737000.000,,,,16429000.000,,,,-53892000.000,,,,-209125000.000,
IncreaseDecreaseInReinsuranceRecoverable,-98459000.000,,,,-19639000.000,,,,1364000.000,,,,55197000.000,,,,169610000.000,
IncreaseDecreaseInUnearnedPremiums,-19014000.000,,,,10545000.000,,,,16236000.000,,,,32475000.000,,,,50280000.000,
IncrementalCommonSharesAttributableToShareBasedPaymentArrangements,,368000.000,129000.000,,159000.000,288000.000,276000.000,-443000.000,231000.000,251000.000,270000.000,-492000.000,251000.000,218000.000,225000.000,-434000.000,316000.000,293000.000
InterestAndDividendIncomeOperating,,53592000.000,55957000.000,,58256000.000,54797000.000,58093000.000,57824000.000,57394000.000,57910000.000,56396000.000,56506000.000,,,,,,
InterestExpenseDebt,5553000.000,5434000.000,5610000.000,6473000.000,6909000.000,6230000.000,5962000.000,6527000.000,6471000.000,6611000.000,6574000.000,6554000.000,7119000.000,6865000.000,6890000.000,7251000.000,7766000.000,7264000.000
InterestPaid,,9866000.000,785000.000,,1071000.000,10929000.000,1321000.000,10786000.000,1390000.000,11932000.000,1486000.000,10987000.000,1539000.000,13445000.000,1774000.000,10942000.000,2161000.000,11861000.000
InvestmentIncomeInvestmentExpense,,1170000.000,1192000.000,,1246000.000,1507000.000,1751000.000,1832000.000,1629000.000,2242000.000,2188000.000,1965000.000,,,,,,
InvestmentIncomeNet,51595000.000,52422000.000,54765000.000,53489000.000,57010000.000,53290000.000,56342000.000,55992000.000,55765000.000,55668000.000,54208000.000,54541000.000,56806000.000,56438000.000,54236000.000,54140000.000,53482000.000,54738000.000
LiabilityForUnpaidClaimsAndClaimsAdjustmentExpenseBusinessAcquisitions,,,,,,,,,,,,,,,,,9386000.000,0.000
LiabilityForUnpaidClaimsAndClaimsAdjustmentExpenseClaimsPaid,,,,,,,,,,,-297696000.000,,-354956000.000,-319114000.000,,,,
LiabilityForUnpaidClaimsAndClaimsAdjustmentExpenseForeignExchange,,,,,,,,,,,,,,,-32006000.000,,-32951000.000,13306000.000
LineOfCreditFacilityCommitmentFeePercentage,,,,,,,,,0.150,,,,,,,,,
NetCashProvidedByUsedInFinancingActivities,-32352000.000,,,,3818000.000,,,,-12790000.000,,,,28651000.000,,,,-29162000.000,
NetCashProvidedByUsedInFinancingActivitiesContinuingOperations,-32352000.000,,,,3818000.000,,,,-12790000.000,,,,28651000.000,,,,-29162000.000,
NetCashProvidedByUsedInInvestingActivities,-48780000.000,,,,-92425000.000,,,,14980000.000,,,,-109892000.000,,,,-10613000.000,
NetCashProvidedByUsedInInvestingActivitiesContinuingOperations,-48780000.000,,,,-92425000.000,,,,14980000.000,,,,-109892000.000,,,,-10613000.000,
NetCashProvidedByUsedInOperatingActivities,82058000.000,,,,74970000.000,,,,2097000.000,,,,95464000.000,,,,31146000.000,
NetCashProvidedByUsedInOperatingActivitiesContinuingOperations,82058000.000,,,,74970000.000,,,,2097000.000,,,,95464000.000,,,,31146000.000,
NetIncomeLoss,46990000.000,69478000.000,60437000.000,78338000.000,82584000.000,93493000.000,107062000.000,108101000.000,105850000.000,88162000.000,98175000.000,115010000.000,107911000.000,97136000.000,140267000.000,113029000.000,112917000.000,80417000.000
NetIncomeLossAvailableToCommonStockholdersBasic,,,,,,,,,,,,,,,137939000.000,,111276000.000,79210000.000
NetIncomeLossAvailableToCommonStockholdersDiluted,,,,,,,,,,,,,,,137939000.000,,111276000.000,79210000.000
NetInvestmentIncomeInsuranceEntityEquitySecurities,,,,,,993000.000,1346000.000,,3580000.000,4228000.000,,,,,,,,
OtherComprehensiveIncomeAvailableForSaleSecuritiesAdjustmentNetOfTaxPeriodIncreaseDecrease,,,,,14226000.000,20955000.000,,,,,,,,,,,,
OtherComprehensiveIncomeForeignCurrencyTransactionAndTranslationAdjustmentBeforeTaxPeriodIncreaseDecrease,,,,,2533000.000,-5846000.000,,,,,,,,,,,,
OtherComprehensiveIncomeForeignCurrencyTransactionAndTranslationAdjustmentNetOfTaxPeriodIncreaseDecrease,,,,,2410000.000,-5474000.000,,,,,,,,,,,,
OtherComprehensiveIncomeForeignCurrencyTransactionAndTranslationGainLossArisingDuringPeriodNetOfTax,6025000.000,,,,,,,,,,,,,,,,,
OtherComprehensiveIncomeForeignCurrencyTranslationAdjustmentTax,,,,,123000.000,-372000.000,,,,,,,,,,,,
OtherComprehensiveIncomeLossAvailableForSaleSecuritiesAdjustmentNetOfTax,,,,,,,58370000.000,,-25639000.000,-142922000.000,-1619000.000,-12363000.000,42350000.000,57309000.000,-42469000.000,12834000.000,4233000.000,-63472000.000
OtherComprehensiveIncomeLossForeignCurrencyTransactionAndTranslationAdjustmentBeforeTax,,,,,,,-141000.000,,-2056000.000,911000.000,5410000.000,1813000.000,788000.000,903000.000,-7059000.000,-4161000.000,-7052000.000,1992000.000
OtherComprehensiveIncomeLossForeignCurrencyTransactionAndTranslationAdjustmentNetOfTax,,,,,,,93000.000,,-1532000.000,941000.000,5502000.000,1012000.000,1220000.000,892000.000,-7321000.000,-8452000.000,-6985000.000,1922000.000
OtherComprehensiveIncomeLossForeignCurrencyTranslationAdjustmentTax,,,,,,,-234000.000,,-524000.000,-30000.000,-92000.000,801000.000,-432000.000,11000.000,262000.000,4291000.000,-67000.000,70000.000
OtherComprehensiveIncomeLossNetOfTax,,,,,,,58463000.000,,-27171000.000,-141981000.000,3883000.000,-11351000.000,43570000.000,58201000.000,-49790000.000,4382000.000,-2752000.000,-61550000.000
OtherComprehensiveIncomeLossNetOfTaxPeriodIncreaseDecrease,,,,,16636000.000,15481000.000,,,,,,,,,,,,
OtherComprehensiveIncomeLossNetOfTaxPortionAttributableToParent,-1709000.000,,,,,,,,,,,,,,,,,
OtherComprehensiveIncomeLossReclassificationAdjustmentForSaleOfSecuritiesIncludedInNetIncomeBeforeTax,,,,,,,-832000.000,,-8570000.000,-4623000.000,,,,,,,,
OtherComprehensiveIncomeLossReclassificationAdjustmentForSaleOfSecuritiesIncludedInNetIncomeNetOfTax,,,,,,,-541000.000,,-5571000.000,-3004000.000,,,,,,,,
OtherComprehensiveIncomeLossReclassificationAdjustmentForSaleOfSecuritiesIncludedInNetIncomeTax,,,,,,,-291000.000,,-2999000.000,-1619000.000,,,,,,,,
OtherComprehensiveIncomeLossReclassificationAdjustmentFromAOCIForSaleOfSecuritiesBeforeTax,,,,,,,,,,,-17922000.000,,-20246000.000,-4905000.000,-39384000.000,130905000.000,-13186000.000,-573000.000
OtherComprehensiveIncomeLossReclassificationAdjustmentFromAOCIForSaleOfSecuritiesNetOfTax,,,,,,,,,,,-11650000.000,,-13160000.000,-3188000.000,-25600000.000,85088000.000,-8571000.000,372000.000
OtherComprehensiveIncomeLossReclassificationAdjustmentFromAOCIForSaleOfSecuritiesTax,,,,,,,,,,,-6272000.000,,-7086000.000,-1717000.000,-13784000.000,45817000.000,-4615000.000,-201000.000
OtherComprehensiveIncomeReclassificationAdjustmentForSaleOfSecuritiesIncludedInNetIncomeBeforeTax,,,,,171000.000,6488000.000,,,,,,,,,,,,
OtherComprehensiveIncomeReclassificationAdjustmentForSaleOfSecuritiesIncludedInNetIncomeNetOfTax,,,,,111000.000,4217000.000,,,,,,,,,,,,
OtherComprehensiveIncomeReclassificationAdjustmentForSaleOfSecuritiesIncludedInNetIncomeTax,,,,,60000.000,2271000.000,,,,,,,,,,,,
OtherComprehensiveIncomeUnrealizedHoldingGainLossOnSecuritiesArisingDuringPeriodBeforeTax,,,,,21640000.000,39673000.000,91185000.000,-16752000.000,-30395000.000,-217034000.000,14948000.000,-8120000.000,86080000.000,93745000.000,-26336000.000,21730000.000,20009000.000,-97625000.000
OtherComprehensiveIncomeUnrealizedHoldingGainLossOnSecuritiesArisingDuringPeriodNetOfTax,-7734000.000,,,,14337000.000,25172000.000,58911000.000,-9453000.000,-20068000.000,-139918000.000,10031000.000,-5269000.000,55510000.000,60497000.000,-16869000.000,14026000.000,12804000.000,-63100000.000
OtherComprehensiveIncomeUnrealizedHoldingGainLossOnSecuritiesArisingDuringPeriodTax,,,,,7303000.000,14501000.000,32274000.000,-7299000.000,-10327000.000,-77116000.000,4917000.000,-2851000.000,30570000.000,33248000.000,-9467000.000,7704000.000,7205000.000,-34525000.000
OtherCostAndExpenseOperating,64312000.000,63748000.000,70451000.000,70037000.000,87282000.000,80424000.000,100458000.000,90896000.000,76853000.000,87719000.000,103785000.000,100138000.000,95954000.000,99001000.000,90344000.000,55784000.000,77483000.000,111266000.000
OtherIncome,7321000.000,7475000.000,8829000.000,11965000.000,5201000.000,7188000.000,10840000.000,7219000.000,8845000.000,7784000.000,7679000.000,11144000.000,9266000.000,9983000.000,9483000.000,12200000.000,9219000.000,9700000.000
OtherNoncashIncomeExpense,,,,,-22141000.000,,,,-31997000.000,,,,-3447000.000,,,,-45859000.000,
OtherThanTemporaryImpairmentCreditLossesRecognizedInEarningsAdditionsAdditionalCreditLosses,,350000.000,0.000,,,268000.000,631000.000,,,,,,,,,,,
OtherThanTemporaryImpairmentCreditLossesRecognizedInEarningsAdditionsNoPreviousImpairment,,,0.000,,,129000.000,0.000,,,,,,,,,,,
OtherThanTemporaryImpairmentCreditLossesRecognizedInEarningsReductionsSecuritiesSold,,-3188000.000,0.000,,,,,,,,,,,,,,,
OtherThanTemporaryImpairmentLossesInvestmentsAvailableforsaleSecurities,,1548000.000,0.000,,,-2260000.000,686000.000,,,,,,,,,,,
OtherThanTemporaryImpairmentLossesInvestmentsPortionInOtherComprehensiveIncomeLossBeforeTaxIncludingPortionAttributableToNoncontrollingInterestAvailableforsaleSecurities,,1198000.000,0.000,,,1863000.000,-55000.000,,,,,,,,,,,
OtherThanTemporaryImpairmentLossesInvestmentsPortionRecognizedInEarningsNetAvailableforsaleSecurities,,350000.000,0.000,,0.000,397000.000,631000.000,0.000,0.000,0.000,0.000,0.000,,,,,,
PaymentsForLossesAndLossAdjustmentExpense,,,,,,,,,,,,,,,-350603000.000,,-388538000.000,-431975000.000
PaymentsForProceedsFromOtherInvestingActivities,4717000.000,,,,3443000.000,,,,344000.000,,,,2224000.000,,,,1328000.000,
PaymentsForProceedsFromShortTermInvestments,-228608000.000,,,,66008000.000,,,,-95352000.000,,,,248749000.000,,,,73033000.000,
PaymentsForRepurchaseOfCommonStock,35709000.000,,,,62358000.000,,,,34426000.000,,,,30774000.000,,,,44546000.000,
PaymentsOfDividendsCommonStock,16670000.000,,,,16139000.000,,,,16674000.000,,,,22575000.000,,,,28451000.000,
PaymentsToAcquireAvailableForSaleSecuritiesDebt,522918000.000,,,,230283000.000,,,,389731000.000,,,,179789000.000,,,,128692000.000,
PaymentsToAcquireAvailableForSaleSecuritiesEquity,,,,,,,,,69255000.000,,,,70841000.000,,,,100594000.000,
PaymentsToAcquireBusinessesNetOfCashAcquired,1892000.000,,,,32143000.000,,,,8214000.000,,,,2579000.000,,,,100398000.000,
PaymentsToAcquireHeldToMaturitySecurities,0.000,,,,,,,,,,,,,,,,,
PaymentsToAcquireOtherInvestments,3061000.000,,,,,,,,0.000,,,,,,,,,
PolicyholderBenefitsAndClaimsIncurredGross,,343898000.000,410573000.000,,365392000.000,362529000.000,301306000.000,405603000.000,357512000.000,335968000.000,517382000.000,372831000.000,350727000.000,375184000.000,413560000.000,412229000.000,458726000.000,478656000.000
PolicyholderBenefitsAndClaimsIncurredNet,347586000.000,334282000.000,380372000.000,337007000.000,328928000.000,336825000.000,304014000.000,335744000.000,332697000.000,339474000.000,320376000.000,297503000.000,321844000.000,327094000.000,311937000.000,365960000.000,365162000.000,395305000.000
PremiumsEarnedNet,508480000.000,524251000.000,544256000.000,550183000.000,547141000.000,565331000.000,563650000.000,566503000.000,561186000.000,561356000.000,556668000.000,560030000.000,562612000.000,572248000.000,586935000.000,601832000.000,600563000.000,641840000.000
PremiumsWrittenNet,,609873000.000,512334000.000,,558404000.000,642088000.000,530307000.000,522597000.000,579184000.000,629034000.000,521734000.000,525371000.000,590182000.000,647014000.000,585194000.000,550855000.000,668916000.000,766133000.000
ProceedsFromDivestitureOfInterestInConsolidatedSubsidiaries,278000.000,,,,,,,,0.000,,,,,,,,,
ProceedsFromIssuanceOfCommonStock,20525000.000,,,,1278000.000,,,,6919000.000,,,,8428000.000,,,,5633000.000,
ProceedsFromLinesOfCredit,,,,,95000000.000,,,,50000000.000,,,,100000000.000,,,,150000000.000,
ProceedsFromMaturitiesPrepaymentsAndCallsOfAvailableForSaleSecurities,186908000.000,,,,145713000.000,,,,190308000.000,,,,131204000.000,,,,159814000.000,
ProceedsFromMaturitiesPrepaymentsAndCallsOfHeldToMaturitySecurities,19082000.000,,,,28636000.000,,,,0.000,,,,,,,,,
ProceedsFromPaymentsForOtherFinancingActivities,-498000.000,,,,-3963000.000,,,,-3609000.000,,,,3572000.000,,,,-11794000.000,
ProceedsFromSaleOfAvailableForSaleSecuritiesDebt,48932000.000,197399000.000,,,65103000.000,153469000.000,75397000.000,345865000.000,158135000.000,13666000.000,166094000.000,154996000.000,119011000.000,167832000.000,27581000.000,166452000.000,167206000.000,231642000.000
ProceedsFromSaleOfAvailableForSaleSecuritiesEquity,,,,,,1739000.000,5406000.000,,17808000.000,26500000.000,51681000.000,50635000.000,144075000.000,26107000.000,265944000.000,-1737000.000,66412000.000,5558000.000
ProceedsFromSaleOfOtherInvestments,,,,,,,,,20921000.000,,,,0.000,,,,,
RealizedInvestmentGainsLosses,-559000.000,1054000.000,2674000.000,484000.000,171000.000,6876000.000,1472000.000,22629000.000,8570000.000,4623000.000,17922000.000,10915000.000,20246000.000,4905000.000,39384000.000,1835000.000,13186000.000,573000.000
ReinsuranceEffectOnClaimsAndBenefitsIncurredAmountAssumed,,,,,,,,,,,,,,,16993000.000,,27216000.000,11714000.000
ReinsuranceEffectOnClaimsAndBenefitsIncurredAmountCeded,,,,,,,,,,,,,,,118616000.000,,120780000.000,95065000.000
RepaymentsOfConvertibleDebt,0.000,,,,,,,,,,,,,,,,,
RepaymentsOfLinesOfCredit,,,,,10000000.000,,,,15000000.000,,,,30000000.000,,,,100004000.000,
Revenues,563708000.000,584852000.000,610524000.000,614921000.000,609523000.000,632288000.000,631673000.000,652343000.000,634366000.000,629431000.000,636477000.000,636630000.000,648930000.000,643574000.000,690038000.000,670007000.000,676450000.000,706851000.000
SalesRevenueNet,556946000.000,576323000.000,599021000.000,602472000.000,604151000.000,618224000.000,619361000.000,622495000.000,616951000.000,617024000.000,610876000.000,614571000.000,619418000.000,628686000.000,641171000.000,655972000.000,654045000.000,696578000.000
ShareBasedCompensation,3072000.000,,,,2373000.000,,,,2874000.000,,,,4214000.000,,,,4631000.000,
SharesPaidForTaxWithholdingForShareBasedCompensation,,,,,,,,,,,,,,,,,-137000.000,
StockIssuedDuringPeriodSharesEmployeeStockPurchasePlans,,,,,,,,,,,,,44000.000,,,,49000.000,
StockIssuedDuringPeriodSharesStockOptionsExercised,849000.000,,,,,,,,222000.000,,,,199000.000,,,,39000.000,
StockIssuedDuringPeriodValueEmployeeStockPurchasePlan,,,,,,,,,,,,,1622000.000,,,,2024000.000,
StockIssuedDuringPeriodValueStockOptionsExercised,20525000.000,,,,1278000.000,,,,6919000.000,,,,6806000.000,,,,3609000.000,
SupplementalInformationForPropertyCasualtyInsuranceUnderwritersPriorYearClaimsAndClaimsAdjustmentExpense,,,,,,,,,,,,,,,-30651000.000,,,
TreasuryStockSharesAcquired,1311000.000,,,,,,,,734000.000,,,,736000.000,,,,975000.000,
TreasuryStockValueAcquiredCostMethod,-40222000.000,,,,-66949000.000,,,,-28769000.000,,,,-31413000.000,,,,-54386000.000,
UndistributedEarningsLossAllocatedToParticipatingSecuritiesBasic,,,,,,,,,,,,,,,-2328000.000,,-1641000.000,1207000.000
WeightedAverageNumberOfDilutedSharesOutstanding,,111757000.000,107048000.000,,102193000.000,99851000.000,99700000.000,-201288000.000,99287000.000,99121000.000,98993000.000,-198288000.000,98913000.000,98660000.000,98134000.000,-197856000.000,95197000.000,94458000.000
WeightedAverageNumberOfSharesOutstandingBasic,,111389000.000,106919000.000,,102034000.000,99563000.000,99424000.000,-200845000.000,99056000.000,98870000.000,98723000.000,-197796000.000,98662000.000,98442000.000,97909000.000,-197422000.000,94881000.000,94165000.000
