,2011-09-30,2011-12-31,2012-03-31,2012-06-30,2012-09-30,2012-12-31,2013-03-31,2013-06-30,2013-09-30,2013-12-31,2014-03-31,2014-06-30,2014-09-30,2014-12-31,2015-03-31,2015-06-30,2015-09-30,2015-12-31,2016-03-31,2016-06-30,2016-09-30,2016-12-31,2017-03-31
AdjustmentForAmortization,,,,,185600.000,185600.000,185600.000,185600.000,21953.000,,,,,,,,,,,,44000.000,43000.000,45000.000
AllocatedShareBasedCompensationExpense,,,,,,,,,,,149009.000,,84392.000,,,,,,,,,,
AmortizationOfDebtDiscountPremium,,,,,,,26934.000,,2095.000,,,,,,,,,,,,105000.000,-79000.000,
AmortizationOfDeferredLeasingFees,,,,,,,,,,,,,,,,,,,,,,,72000.000
AmortizationOfIntangibleAssets,,,,,,,,,,,,,,,,,,,44000.000,,44000.000,4000.000,45000.000
AntidilutiveSecuritiesExcludedFromComputationOfEarningsPerShareAmount,,,,,,,,,,,,,,,,,341240.000,289619.000,,,,,
CapitalLeasesIncomeStatementAmortizationExpense,,,,,,,,,,,,,,,,,93000.000,46000.000,69000.000,63000.000,,,
CashAndCashEquivalentsPeriodIncreaseDecrease,-1891574.000,,,,-222942.000,-1157357.000,-1097809.000,2032463.000,-169100.000,843099.000,-77882.000,2495203.000,1843758.000,-4182001.000,1740629.000,2899267.000,218000.000,3217000.000,92000.000,4371000.000,-1074000.000,-164000.000,-254000.000
CostOfGoodsSold,895135.000,959891.000,981969.000,906231.000,1053636.000,920928.000,774221.000,874901.000,1130824.000,1244996.000,660423.000,1217884.000,1866257.000,1929841.000,3054268.000,4975089.000,2848000.000,3953000.000,4986000.000,5547000.000,4178000.000,4033000.000,7959000.000
CostOfGoodsSoldDepreciation,,,,,,757323.000,861321.000,,1081515.000,1151643.000,1260568.000,1386803.000,1295445.000,1282860.000,1271207.000,1270162.000,1199000.000,1186000.000,1051000.000,1139000.000,1072000.000,967000.000,950000.000
CostOfRevenue,,,,,,,,,,,,,,,,,11553000.000,13020000.000,14689000.000,16161000.000,15421000.000,15422000.000,19835000.000
CostOfServicesDepreciation,418493.000,,,,676218.000,,,,,,,,,,,,,,,,,,
CostOfServicesLicensesAndServices,3761577.000,3983251.000,3749862.000,3818276.000,4192360.000,4363212.000,4525244.000,5139129.000,5409463.000,5495385.000,5785721.000,6327432.000,7251107.000,7157840.000,7157333.000,7863105.000,8705000.000,9067000.000,9703000.000,10614000.000,11243000.000,11389000.000,11876000.000
DeferredIncomeTaxExpenseBenefit,,,,,,,,,,,6911.000,,,,,,,,,,,,
DeferredIncomeTaxesAndTaxCredits,,,,,,,,,,,-26727720.000,,-360473.000,423379.000,121046.000,31086.000,27000.000,154000.000,-93000.000,-748000.000,-115000.000,,209000.000
DefinedContributionPlanMaximumAnnualContributionsPerEmployeePercent,,,,,,,,,,,,,,,,,1.000,,,,,,
Depreciation,563125.000,,,,834006.000,904580.000,1003610.000,1094978.000,1218071.000,1278518.000,1413521.000,1553875.000,1473412.000,1443710.000,1433251.000,1344079.000,,,,,,,
DepreciationAndAmortization,403232.000,344409.000,391859.000,361275.000,343388.000,332856.000,327889.000,309989.000,158509.000,126875.000,152953.000,162151.000,169403.000,151737.000,134845.000,155697.000,139000.000,127000.000,173000.000,208000.000,208000.000,307000.000,259000.000
DepreciationNonproduction,,,,,,,,,,,,,,,,,1350000.000,1323000.000,1190000.000,1272000.000,1257000.000,1220000.000,1165000.000
EarningsPerShareBasic,,,,,,0.000,,,,,,,,,,,,-0.020,-0.160,,-0.070,0.010,
EarningsPerShareBasicAndDiluted,-0.010,-0.060,-0.030,-0.080,-0.010,,-0.040,,,0.010,0.750,,-0.010,-0.010,-0.030,,,-0.020,-0.160,,,,0.000
EarningsPerShareDiluted,,,,,,0.000,,,,0.010,,,,-0.010,,,-0.010,,,,-0.070,0.010,
EffectiveIncomeTaxRateContinuingOperations,,,,,,,,,,,0.000,,0.560,,,,0.070,,,,0.260,,
EffectiveIncomeTaxRateReconciliationAtFederalStatutoryIncomeTaxRate,,,,,,,,,,,,,,,,,0.340,,,,,,
EffectiveIncomeTaxRateReconciliationForeignIncomeTaxRateDifferential,,,,,,,,,,,,,,,,,0.020,,,,,,
EffectiveIncomeTaxRateReconciliationOtherReconcilingItemsPercent,,,,,,,,,,,,,,,,,0.000,,,,,,
EffectiveIncomeTaxRateReconciliationStateAndLocalIncomeTaxes,,,,,,,,,,,,,,,,,0.030,,,,,,
FairValueAdjustmentOfWarrants,,,,,,,,,,,,,,,,,343000.000,,,,,,
FairValueAssumptionsExpectedDividendRate,,,,,,,,,,,,,0.000,,,,,,,,,,
FairValueAssumptionsExpectedVolatilityRate,,,,,,,,,,,,,0.790,,,,,,,,,,
FairValueAssumptionsRiskFreeInterestRate,,,,,,,,,,,,,0.020,,,,,,,,,,
FairValueLiabilitiesMeasuredOnRecurringBasisGainLossIncludedInOtherIncome,,,,,463133.000,,,,,,,,,,,,,,,,,,
FairValueMeasurementWithUnobservableInputsReconciliationRecurringBasisLiabilityGainLossIncludedInEarnings,,,,,,,,,219097.000,,,,310052.000,,,,343000.000,-1230000.000,4805000.000,-9592000.000,-1490000.000,,
FiniteLivedIntangibleAssetsAmortizationExpense,258600.000,,,,,,,,,,,,,,,,,,,,,,
GainLossOnSaleOfLeasedAssetsNetOperatingLeases,,,,,,,,,,,,,1451673.000,,,,,,,,,,
GainLossOnSaleOfPropertyPlantEquipment,,,,,,-3600.000,14815.000,,-14935.000,5451.000,2431.000,2808.000,3284.000,3794.000,6353.000,3926.000,1000.000,41000.000,15000.000,110000.000,,31000.000,28000.000
GrossProfit,2049036.000,1938456.000,2795220.000,3178339.000,3144281.000,3600181.000,3681339.000,3670812.000,3582771.000,3830133.000,3997788.000,3662144.000,3135238.000,3733256.000,5146139.000,4808001.000,5047000.000,5483000.000,5672000.000,5783000.000,6167000.000,6334000.000,6625000.000
IncomeLossFromContinuingOperationsBeforeIncomeTaxesExtraordinaryItemsNoncontrollingInterest,,,,,,,,,300565.000,416103.000,138806.000,-580220.000,-421429.000,141443.000,-428790.000,-91565.000,387000.000,-720000.000,-5513000.000,-1575000.000,-2579000.000,233000.000,345000.000
IncomeTaxExpenseBenefit,,,,,,,,,6911.000,6912.000,-26727720.000,-541501.000,-360473.000,402358.000,137820.000,109436.000,27000.000,154000.000,-93000.000,-703000.000,-115000.000,,209000.000
IncreaseDecreaseInAccountsPayable,-656552.000,,,,-115452.000,426592.000,-1115013.000,1968677.000,-1247786.000,-68081.000,386832.000,1341699.000,-121268.000,-2338176.000,-150646.000,3528851.000,-1044000.000,-1623000.000,4154000.000,327000.000,-3661000.000,397000.000,2441000.000
IncreaseDecreaseInAccountsReceivable,-187501.000,,,,-81320.000,-1195158.000,1212990.000,310846.000,-705115.000,-344611.000,470164.000,736633.000,-80115.000,363368.000,974176.000,1260064.000,713000.000,767000.000,1872000.000,-2977000.000,1038000.000,1309000.000,41000.000
IncreaseDecreaseInAccruedIncomeTaxesPayable,,,,,,,,,,,,,-21021.000,,16774.000,,,-70000.000,,,-10000.000,-1000.000,-6000.000
IncreaseDecreaseInAccruedLiabilities,582357.000,,,,-1451446.000,-117364.000,-223669.000,-122612.000,17764.000,-503280.000,184532.000,567988.000,-185891.000,-87130.000,234465.000,93273.000,-2000.000,-13000.000,1166000.000,115000.000,486000.000,-1061000.000,160000.000
IncreaseDecreaseInFinanceReceivables,43791.000,,,,-30831.000,6129.000,-22714.000,29687.000,38671.000,-104076.000,-27064.000,39938.000,755462.000,778212.000,2248618.000,331606.000,-168000.000,-533000.000,154000.000,2587000.000,5000.000,-2125000.000,4232000.000
IncreaseDecreaseInInventories,1073810.000,,,,-1331390.000,1249295.000,-603019.000,-31356.000,-78017.000,-45903.000,-214495.000,-31689.000,1138319.000,804629.000,-650784.000,638693.000,-219000.000,-649000.000,-250000.000,82000.000,2223000.000,467000.000,-647000.000
IncreaseDecreaseInPrepaidDeferredExpenseAndOtherAssets,-48339.000,,,,-79629.000,87740.000,-59841.000,-452207.000,51960.000,63026.000,-52483.000,128280.000,110755.000,246709.000,-150159.000,96924.000,-48000.000,254000.000,160000.000,397000.000,224000.000,318000.000,-136000.000
InterestExpense,11164.000,49072.000,10520.000,13237.000,23006.000,25016.000,61379.000,47804.000,60976.000,60405.000,60934.000,74529.000,74911.000,49429.000,85349.000,92078.000,119000.000,104000.000,180000.000,197000.000,212000.000,201000.000,188000.000
InterestPaid,11708.000,,,,26150.000,25519.000,32551.000,34714.000,69735.000,60069.000,59399.000,70617.000,79199.000,55992.000,67102.000,103273.000,106000.000,107000.000,191000.000,147000.000,87000.000,382000.000,59000.000
InvestmentIncomeInterest,,,14029.000,,20166.000,21661.000,11082.000,4212.000,13526.000,4714.000,3102.000,8995.000,10082.000,4015.000,26394.000,42204.000,51000.000,20000.000,67000.000,182000.000,73000.000,200000.000,114000.000
LeaseAndRentalExpense,,,,,,,,,,,,,,,,,,,,,11000.000,,
LicenseAndServicesRevenue,5419663.000,5583464.000,5985052.000,6382575.000,6906356.000,7403241.000,7562589.000,8172243.000,8507044.000,8671085.000,8999689.000,9460303.000,10156222.000,10479496.000,11059846.000,11937898.000,12925000.000,13674000.000,14727000.000,15263000.000,16365000.000,16639000.000,17459000.000
LineOfCreditFacilityAverageOutstandingAmount,,,,,,,,,,,,,,,,,4000000.000,4130000.000,4564000.000,-7735000.000,,,
LineOfCreditFacilityIncreaseDecreaseForPeriodNet,,,,,,,,,,,,,,,,,,-3000000.000,,,,,
LineOfCreditFacilityInterestRateDuringPeriod,,,,,,,,,,,,,,,,,0.052,0.053,0.055,-0.105,,,
LineOfCreditFacilityMaximumAmountOutstandingDuringPeriod,,,,,,,,,,,,,,,,,,,7111000.000,,,,
LineOfCreditFacilityMaximumMonthendOutstandingAmount,,,,,,,,,,,,,,,,,4000000.000,7000000.000,7111000.000,-10894000.000,,,
NetCashProvidedByUsedInFinancingActivities,-99829.000,,,,1175963.000,-563999.000,910477.000,1173799.000,1008677.000,1578733.000,432396.000,903566.000,-95611.000,-1134843.000,1659842.000,216516.000,-99000.000,2727000.000,1534000.000,3040000.000,6001000.000,-213000.000,-272000.000
NetCashProvidedByUsedInFinancingActivitiesContinuingOperations,-99829.000,,,,1175963.000,-563999.000,910477.000,1173799.000,1008677.000,1578733.000,432396.000,903566.000,-95611.000,-1134843.000,1659842.000,216516.000,-99000.000,2727000.000,1534000.000,3040000.000,6001000.000,-213000.000,-272000.000
NetCashProvidedByUsedInInvestingActivities,-60348.000,,,,-2076915.000,-2515533.000,-1790849.000,-2797540.000,-2089601.000,-2478986.000,-2673060.000,-675805.000,3344130.000,-7702.000,15467.000,1596.000,-45000.000,-17000.000,-5770000.000,60000.000,-810000.000,-1073000.000,-830000.000
NetCashProvidedByUsedInInvestingActivitiesContinuingOperations,-60348.000,,,,-2076915.000,-2515533.000,-1790849.000,-2797540.000,-2089601.000,-2478986.000,-2673060.000,-675805.000,3344130.000,-7702.000,15467.000,1596.000,-45000.000,-17000.000,-5770000.000,60000.000,-810000.000,-1073000.000,-830000.000
NetCashProvidedByUsedInOperatingActivities,-1731397.000,,,,678010.000,1922175.000,-217437.000,3656204.000,911824.000,1743352.000,2162782.000,2267442.000,-1404761.000,-3039456.000,65320.000,2681155.000,362000.000,507000.000,4328000.000,1271000.000,-6265000.000,1122000.000,848000.000
NetCashProvidedByUsedInOperatingActivitiesContinuingOperations,-1731397.000,,,,678010.000,1922175.000,-217437.000,3656204.000,911824.000,1743352.000,2162782.000,2267442.000,-1404761.000,-3039456.000,65320.000,2681155.000,362000.000,507000.000,4328000.000,1271000.000,-6265000.000,1122000.000,848000.000
NetIncomeLoss,,-1821061.000,-538618.000,,39140.000,153758.000,-1015943.000,1677168.000,293654.000,409191.000,26866526.000,-38719.000,-60956.000,-260915.000,-566610.000,-201001.000,360000.000,-874000.000,-5420000.000,-872000.000,-2464000.000,233000.000,136000.000
NetIncomeLossAvailableToCommonStockholdersBasic,-411180.000,-1821061.000,-870844.000,-2772605.000,-293086.000,153758.000,-1348169.000,1677168.000,-38572.000,409191.000,26534300.000,-38719.000,-393182.000,-260915.000,-898836.000,-201001.000,28000.000,-874000.000,-5754000.000,-874000.000,-2798000.000,233000.000,-198000.000
NetIncomeLossAvailableToCommonStockholdersDiluted,,,,,,,,,,,,,,,,,-315000.000,-874000.000,-5754000.000,,-2798000.000,233000.000,
NonoperatingIncomeExpense,1743312.000,115973.000,98583.000,-156115.000,460293.000,-406990.000,-1359251.000,1473792.000,171647.000,-93587.000,-226729.000,-12409.000,245223.000,89988.000,-1160196.000,264947.000,275000.000,-1314000.000,-4918000.000,3000.000,-1629000.000,-1000.000,-74000.000
OperatingExpenses,3871302.000,3875490.000,3432421.000,5782230.000,3558513.000,3032531.000,3331120.000,3460524.000,3453853.000,3320443.000,3632253.000,4229955.000,3801890.000,3681801.000,4414733.000,5164513.000,4935000.000,4889000.000,6267000.000,7361000.000,7117000.000,6100000.000,6206000.000
OperatingIncomeLoss,-1822266.000,-1937034.000,-637201.000,-2603891.000,-414232.000,567650.000,350219.000,210288.000,128918.000,509690.000,365535.000,-567811.000,-666652.000,51455.000,731406.000,-356512.000,112000.000,594000.000,-595000.000,-1578000.000,-950000.000,234000.000,419000.000
OperatingLeasesRentExpenseNet,,,,,,,,,,,,,,,,,,,,,11000.000,,
PaymentsForRepurchaseOfCommonStock,,,,,,,,,,,,,,,,,,,,,31000.000,,
PaymentsOfFinancingCosts,,,,,,,,,,,,,,,,,,,,,,,90000.000
PaymentsToAcquireBusinessesGross,,,,,,,,,,,,,,,,,,,5625000.000,,,,
PaymentsToAcquireProductiveAssets,,,,,,,,,,,,,,,,,,,,,168000.000,,
PaymentsToAcquirePropertyPlantAndEquipment,60348.000,,,,1525.000,48753.000,31413.000,25660.000,14626.000,10601.000,35134.000,50760.000,31490.000,18879.000,3860.000,6080.000,49000.000,33000.000,164000.000,290000.000,,441000.000,183000.000
PreferredStockDividendRatePerDollarAmount,,,,,,,,,,,,,,,,,1.500,,,,,,
PreferredStockDividendsIncomeStatementImpact,332226.000,,332226.000,,332226.000,,332226.000,,332226.000,,332226.000,,332226.000,,332226.000,,332000.000,,334000.000,,334000.000,,334000.000
ProceedsFromIssuanceOfCommonStock,10010.000,,,,,,,,,,,,,,,,,,,,,,
ProceedsFromIssuanceOfLongTermDebt,,,,,-161816.000,-138905.000,-164363.000,-149853.000,,,,,-95611.000,,1752717.000,,,,,,,,
ProceedsFromLinesOfCredit,,,,,1337779.000,-337779.000,1000000.000,1000000.000,1000000.000,,,,,,,,,,33000.000,,,,
ProceedsFromRepaymentsOfLinesOfCredit,,,,,,,,,,,,,,-1000000.000,,,,,,,,,
ProceedsFromRepurchaseOfEquity,,,,,,-87315.000,74840.000,,85654.000,1679433.000,521762.000,-13913.000,,-61987.000,,,29000.000,-40000.000,,,,,
ProceedsFromSaleOfPropertyPlantAndEquipment,,,,,,,18908.000,,,24862.000,5513.000,,23734.000,11177.000,19327.000,7676.000,4000.000,101000.000,19000.000,265000.000,,61000.000,44000.000
ProceedsFromWarrantExercises,,,,,,,,,,,,,,,,,,,1652000.000,,6193000.000,,
ProfitLoss,-78954.000,,,,,,,,,,,,,,,,,,,,,,
PropertyPlantAndEquipmentDisposals,20407.000,,,,,,7700.000,,174204.000,44512.000,15141.000,475781.000,52658.000,9841.000,342963.000,436742.000,99000.000,238000.000,189000.000,555000.000,,570000.000,87000.000
ProvisionForDoubtfulAccounts,-22056.000,,,,-6129.000,15187.000,-1599.000,61156.000,26431.000,51619.000,-11277.000,67403.000,158716.000,140996.000,302632.000,497184.000,236000.000,238000.000,506000.000,470000.000,97000.000,352000.000,127000.000
RepaymentsOfLongTermDebt,109839.000,,,,,,,,76977.000,100700.000,89366.000,107368.000,,72856.000,92875.000,,128000.000,233000.000,151000.000,162000.000,161000.000,213000.000,182000.000
Revenues,6705748.000,6881598.000,7527051.000,7902846.000,8390277.000,8884321.000,8980804.000,9684842.000,10123058.000,10570514.000,10443932.000,11207460.000,12252602.000,12820937.000,15357740.000,17646195.000,16600000.000,18503000.000,20361000.000,21944000.000,21588000.000,21756000.000,26460000.000
SaleLeasebackTransactionCurrentPeriodGainRecognized,,,,,,,,,,,,,188327.000,215097.000,215098.000,215097.000,215000.000,215000.000,215000.000,215000.000,,,
SaleLeasebackTransactionGrossProceedsInvestingActivities,,,,,,,,,,,,,4993879.000,,,,,,,,,,
SaleLeasebackTransactionMonthlyRentalPayments,,,,,,,,,,,,,220000.000,,,,,,,,,,
SaleLeasebackTransactionNetProceedsInvestingActivities,,,,,,,,,,,,,4993879.000,,,,,,,,,,
SalesRevenueGoodsNet,1286085.000,1298134.000,1541999.000,1520271.000,1483921.000,1481080.000,1418215.000,1512599.000,1616014.000,1899429.000,1444243.000,1747157.000,2096380.000,2341441.000,4297894.000,5708297.000,3675000.000,4829000.000,5634000.000,6681000.000,5223000.000,5117000.000,9001000.000
SalesRevenueNet,6705748.000,6881598.000,7527051.000,7902846.000,8390277.000,8884321.000,8980804.000,9684842.000,10123058.000,10570514.000,10443932.000,11207460.000,12252602.000,12820937.000,15357740.000,17646195.000,16600000.000,18503000.000,20361000.000,21944000.000,21588000.000,21756000.000,26460000.000
SellingGeneralAndAdministrativeExpense,3468070.000,3531081.000,3040562.000,5420955.000,3215125.000,2699675.000,3003231.000,3150535.000,3295344.000,3193568.000,3479300.000,4067804.000,3632487.000,3530064.000,4279888.000,5008816.000,4796000.000,4762000.000,6094000.000,6721000.000,6909000.000,5793000.000,5947000.000
ShareBasedCompensation,,,,,,43969.000,,,,,,,,,,,,,,,81000.000,111000.000,107000.000
ShareBasedCompensationArrangementByShareBasedPaymentAwardEquityInstrumentsOtherThanOptionsGrantsInPeriod,,,,,,,,,,,,,,,,,131558.000,,,,,,
ShareBasedCompensationArrangementByShareBasedPaymentAwardEquityInstrumentsOtherThanOptionsGrantsInPeriodWeightedAverageGrantDateFairValue,,,,,,,,,,,,,,,,,3.040,,,,,,
ShareBasedCompensationArrangementByShareBasedPaymentAwardEquityInstrumentsOtherThanOptionsVestedInPeriod,,,,,,,,,,,,,,,,,21664.000,7396.000,,,,,
ShareBasedCompensationArrangementByShareBasedPaymentAwardEquityInstrumentsOtherThanOptionsVestedInPeriodWeightedAverageGrantDateFairValue,,,,,,,,,,,,,,,,,2.700,3.380,,,,,
ShareBasedCompensationArrangementByShareBasedPaymentAwardOptionsGrantsInPeriodWeightedAverageGrantDateFairValue,,,,,,,,,,,,,1.270,,,,,,,,,,
ShareBasedCompensationArrangementByShareBasedPaymentAwardSharesIssuedInPeriod,,,,,59165.000,,,,,,57650.000,,62683.000,,,,,,,,,,
StockIssued1,,,,,,,,,,,,,,,,,,,52000.000,,,,
StockIssuedDuringPeriodValueShareBasedCompensation,,,,,,,,,752.000,,,,604.000,,,,,,,,92000.000,,
StockRepurchasedAndRetiredDuringPeriodValue,,,,,,,,,13946.000,,,,,,,,,,,,31000.000,,
ValuationAllowancesAndReservesRecoveries,,,,,,,,,,,26713897.000,,,,,,,,,,,,
WeightedAverageNumberDilutedSharesOutstandingAdjustment,,,,,,,,,,,,,,,,,639484.000,,,,,421778.000,
WeightedAverageNumberOfDilutedSharesOutstanding,,,,,,33468336.000,,,,34222731.000,,,,35657519.000,,,36427683.000,,36161613.000,,38488005.000,40730712.000,
WeightedAverageNumberOfShareOutstandingBasicAndDiluted,,,,,32518230.000,32734394.000,32821345.000,,33324295.000,34136884.000,35504911.000,,35586455.000,35657519.000,35687650.000,,,35828776.000,36161613.000,,,,40327697.000
WeightedAverageNumberOfSharesOutstandingBasic,,,,,,,,,,,,,,,,,35788199.000,35828776.000,36161613.000,-71469541.000,38488005.000,40308934.000,
