,2011-06-30,2011-12-31,2012-03-31,2012-06-30,2012-09-30,2012-12-31,2013-03-31,2013-06-30,2013-09-30,2013-12-31,2014-03-31,2014-06-30,2014-09-30
AccretionExpense,,1896000.000,,,,1953000.000,,,,2415000.000,,,
CapitalizedComputerSoftwareAdditions,,,,,,,2000000.000,2500000.000,,2700000.000,3400000.000,3300000.000,3700000.000
CashAndCashEquivalentsPeriodIncreaseDecrease,,7035000.000,,,,-460000.000,,,,9832000.000,,,
ComprehensiveIncomeNetOfTax,,,7149000.000,7060000.000,,7442000.000,9343000.000,8449000.000,10029000.000,9543000.000,,,
CostOfGoodsSold,3760000.000,,4175000.000,4894000.000,,6185000.000,5381000.000,5461000.000,6116000.000,11825000.000,8840000.000,5853000.000,5279000.000
CostOfServices,2364000.000,,2182000.000,2175000.000,,3186000.000,3263000.000,3704000.000,3650000.000,3850000.000,3715000.000,3788000.000,3783000.000
CostsAndExpenses,30795000.000,,32864000.000,32731000.000,,32859000.000,32650000.000,34130000.000,37345000.000,44137000.000,40752000.000,37748000.000,43578000.000
DeferredCompensationArrangementWithIndividualCompensationExpense,,,,,,,,,,600000.000,,,
DeferredIncomeTaxExpenseBenefit,,,,,,183000.000,,,,,,,
DepreciationDepletionAndAmortization,,,,,,6600000.000,6800000.000,7300000.000,8100000.000,8700000.000,9000000.000,9300000.000,9200000.000
EarningsPerShareBasic,0.100,,0.250,0.260,,0.250,0.330,0.290,0.340,0.320,0.370,0.260,0.120
EarningsPerShareDiluted,0.100,,0.240,0.250,,0.240,0.310,0.280,0.310,0.310,0.350,0.250,0.110
EffectOfExchangeRateOnCashAndCashEquivalents,,-122000.000,,,,0.000,,,,,,,
ExcessTaxBenefitFromShareBasedCompensationFinancingActivities,,,,,,,,,,2521000.000,,,
ExcessTaxBenefitFromShareBasedCompensationOperatingActivities,,,,,,,,,,2521000.000,,,
GainLossOnDispositionOfAssets,,,,,,-51000.000,,,,,,,
ImpairedAssetsToBeDisposedOfByMethodOtherThanSaleAmountOfImpairmentLoss,,,,40000.000,,,,,,,,,
IncomeLossFromContinuingOperationsBeforeIncomeTaxesMinorityInterestAndIncomeLossFromEquityMethodInvestments,2590000.000,,6999000.000,7701000.000,,11327000.000,13795000.000,13783000.000,12862000.000,14870000.000,17279000.000,12394000.000,7019000.000
IncomeTaxExpenseBenefit,-178000.000,,181000.000,452000.000,,4214000.000,4452000.000,5334000.000,2833000.000,5327000.000,6311000.000,4762000.000,3233000.000
IncomeTaxesPaidNet,,91000.000,,,,,,,,7000.000,,,
IncreaseDecreaseInOtherOperatingCapitalNet,,4028000.000,,,,4534000.000,,,,-1254000.000,,,
InterestExpenseDebt,813000.000,,357000.000,330000.000,,296000.000,293000.000,277000.000,273000.000,258000.000,231000.000,223000.000,218000.000
InterestIncomeOther,,,,,,170000.000,144000.000,85000.000,92000.000,91000.000,88000.000,83000.000,150000.000
InterestPaid,,316000.000,,,,-202000.000,,,,216000.000,,,
NetCashProvidedByUsedInFinancingActivities,,289000.000,,,,-653000.000,,,,587000.000,,,
NetCashProvidedByUsedInFinancingActivitiesContinuingOperations,,289000.000,,,,-653000.000,,,,587000.000,,,
NetCashProvidedByUsedInInvestingActivities,,-7055000.000,,,,-14375000.000,,,,-13082000.000,,,
NetCashProvidedByUsedInInvestingActivitiesContinuingOperations,,-7055000.000,,,,-14375000.000,,,,-13082000.000,,,
NetCashProvidedByUsedInOperatingActivities,,13923000.000,,,,14568000.000,,,,22327000.000,,,
NetCashProvidedByUsedInOperatingActivitiesContinuingOperations,,13923000.000,,,,14568000.000,,,,22327000.000,,,
NetIncomeLoss,2768000.000,5782000.000,6818000.000,7249000.000,8325000.000,7113000.000,9343000.000,8449000.000,10029000.000,9543000.000,10968000.000,7632000.000,3786000.000
OperatingIncomeLoss,2604000.000,,6668000.000,7733000.000,,11443000.000,13921000.000,13975000.000,13043000.000,15022000.000,17425000.000,12522000.000,6945000.000
OtherAssetImpairmentCharges,634000.000,,0.000,0.000,,,,,,,,,
OtherComprehensiveIncomeForeignCurrencyTransactionAndTranslationAdjustmentNetOfTaxPeriodIncreaseDecrease,,,331000.000,,,,,,,,,,
OtherComprehensiveIncomeLossForeignCurrencyTransactionAndTranslationAdjustmentNetOfTax,,,,-189000.000,,329000.000,0.000,0.000,0.000,0.000,,,
OtherDepreciationAndAmortization,10207000.000,9690000.000,9512000.000,9510000.000,9558000.000,7964000.000,8143000.000,8900000.000,9839000.000,10436000.000,10879000.000,11058000.000,11015000.000
OtherNoncashIncomeExpense,,-447000.000,,,,-1175000.000,,,,15000.000,,,
OtherNonoperatingIncomeExpense,213000.000,,129000.000,-10000.000,,10000.000,23000.000,0.000,0.000,15000.000,-3000.000,12000.000,142000.000
OtherSalesRevenueNet,317000.000,,375000.000,380000.000,,324000.000,378000.000,340000.000,1145000.000,660000.000,559000.000,155000.000,828000.000
PaymentsForRepurchaseOfCommonStock,,1884000.000,,,,2025000.000,,,,2230000.000,,,
PaymentsToAcquireIntangibleAssets,,1404000.000,,,,2066000.000,,,,2725000.000,,,
PaymentsToAcquirePropertyPlantAndEquipment,,9189000.000,,,,12654000.000,,,,10414000.000,,,
ProceedsFromIncomeTaxRefunds,,,,,,2023000.000,,,,,,,
ProceedsFromRepaymentsOfOtherDebt,,2361000.000,,,,3607000.000,,,,57000.000,,,
ProceedsFromStockOptionsExercised,,3098000.000,,,,2297000.000,,,,1221000.000,,,
PropertyPlantAndEquipmentDisposals,,,,,,178000.000,64000.000,171000.000,141000.000,,,145655.000,
ReceivableWithImputedInterestEffectiveYieldInterestRate,,,,,,0.026,,,,,,,
RepaymentsOfLongTermDebt,,925000.000,,,,925000.000,,,,925000.000,,,
ResearchAndDevelopmentExpense,3332000.000,,3896000.000,4090000.000,,4181000.000,4288000.000,4053000.000,4320000.000,4308000.000,3716000.000,4327000.000,4823000.000
RestructuringAndRelatedCostExpectedCost,,,,,,741000.000,741000.000,,,,,,
Revenues,33399000.000,,39532000.000,40464000.000,,44302000.000,46571000.000,48105000.000,50388000.000,59159000.000,58177000.000,50270000.000,50523000.000
SalesRevenueGoodsNet,8525000.000,,10114000.000,11665000.000,,14004000.000,12787000.000,13451000.000,14297000.000,24891000.000,19860000.000,12072000.000,11207000.000
SalesRevenueNet,33399000.000,,39532000.000,40464000.000,,44302000.000,46571000.000,48105000.000,50388000.000,59159000.000,58177000.000,50270000.000,50523000.000
SalesRevenueServicesNet,24557000.000,,29043000.000,28419000.000,,29974000.000,33406000.000,34314000.000,34946000.000,33608000.000,37758000.000,38043000.000,38488000.000
SellingGeneralAndAdministrativeExpense,10498000.000,,13099000.000,12062000.000,,11343000.000,11575000.000,12012000.000,13420000.000,13718000.000,13602000.000,12722000.000,18678000.000
ShareBasedCompensation,,554000.000,,1200000.000,,860000.000,995000.000,995000.000,1076000.000,1270000.000,1300000.000,2000000.000,1304000.000
ShareBasedCompensationArrangementByShareBasedPaymentAwardOptionsGrantsInPeriod,,,,5100.000,,,,,,,,,
ShareBasedCompensationArrangementByShareBasedPaymentAwardOptionsGrantsInPeriodGross,,,,,,3500.000,33300.000,9600.000,56200.000,24400.000,8300.000,12200.000,10100.000
ShareBasedCompensationArrangementByShareBasedPaymentAwardOptionsGrantsInPeriodWeightedAverageGrantDateFairValue,,,,11.820,,15.290,14.720,22.970,-38.550,32.030,30.550,28.470,-75.800
ShareBasedCompensationSharesAuthorizedUnderStockOptionPlansExercisePriceRangeLowerRangeLimit,,,,10.000,,10.540,13.000,18.580,,24.700,24.700,19.670,
ShareBasedCompensationSharesAuthorizedUnderStockOptionPlansExercisePriceRangeUpperRangeLimit,,,,18.710,,18.710,19.670,26.760,,36.960,36.960,36.950,
StockRepurchaseProgramRemainingAuthorizedRepurchaseAmount,,,,,,38000000.000,,,,32900000.000,,,
TreasuryStockAcquiredAverageCostPerShare,,,,,,13.950,16.000,20.870,-34.900,29.300,31.290,28.570,-59.770
TreasuryStockSharesAcquired,,,,,,145000.000,103000.000,56000.000,,76079.000,123921.000,280000.000,
TreasuryStockValueAcquiredCostMethod,,,,,,2000000.000,1600000.000,1200000.000,38000.000,2200000.000,3900000.000,8000000.000,16000.000
WeightedAverageNumberDilutedSharesOutstandingAdjustment,,,,1711298.000,,1686928.000,1681902.000,1750153.000,-3371473.000,1428759.000,1343156.000,1221991.000,-2586088.000
WeightedAverageNumberOfDilutedSharesOutstanding,27813000.000,,28655000.000,29275353.000,,30016924.000,30348151.000,30710058.000,-60398446.000,31046504.000,31024405.000,30640849.000,-61442861.000
WeightedAverageNumberOfSharesOutstandingBasic,27184000.000,,27251000.000,27564055.000,,28329996.000,28666249.000,28959905.000,-57026973.000,29617745.000,29681249.000,29418858.000,-58856773.000
