,2011-03-31,2011-06-30,2011-09-30,2011-12-31,2012-03-31,2012-06-30,2012-09-30,2012-12-31,2013-03-31,2013-06-30,2013-09-30,2013-12-31,2014-03-31,2014-06-30,2014-09-30,2014-12-31,2015-03-31,2015-06-30,2015-09-30,2015-12-31,2016-03-31,2016-06-30,2016-09-30,2016-12-31,2017-03-31
AccretionAmortizationOfDiscountsAndPremiumsInvestments,27093000.000,,,,35281000.000,,,,22497000.000,,,,25357000.000,,,,21666000.000,,,,15782000.000,,,,23471000.000
AllocatedShareBasedCompensationExpense,,4300000.000,3900000.000,,8400000.000,,,,9700000.000,,,,4300000.000,,,,4500000.000,,,,11500000.000,,,,9600000.000
AllowanceForLoanAndLeaseLossesProvisionForLossNet,,3185000.000,2370000.000,,5050000.000,-1763000.000,2848000.000,126000.000,-804000.000,,,,,,,,,,,,,,,,
AllowanceForLoanAndLeaseLossesRecoveriesOfBadDebts,,0.000,0.000,,0.000,0.000,0.000,,0.000,,,,,,,,,,,,,,,,
AntidilutiveSecuritiesExcludedFromComputationOfEarningsPerShareAmount,,,,,,,,,,400000.000,,,,,,,,,,,,,,,
AvailableForSaleSecuritiesGrossRealizedGains,,28208000.000,34840000.000,,22312000.000,26593000.000,53173000.000,43190000.000,21680000.000,26845000.000,21560000.000,12659000.000,8067000.000,34887000.000,8819000.000,13662000.000,19201000.000,20009000.000,13792000.000,20077000.000,-11787000.000,53615000.000,46346000.000,66196000.000,17893000.000
AvailableForSaleSecuritiesGrossRealizedLosses,,6653000.000,7182000.000,,-7504000.000,8918000.000,6668000.000,-35556000.000,11212000.000,6760000.000,30434000.000,12169000.000,6583000.000,6877000.000,6355000.000,11480000.000,13596000.000,14475000.000,22186000.000,21636000.000,,,,,
AvailableForSaleSecuritiesGrossUnrealizedLoss,,,,,,,,,,,,,179307000.000,,,,99462000.000,,,,386530000.000,,,,277605000.000
AvailableforsaleSecuritiesGrossRealizedLossesExcludingOtherThanTemporaryImpairments,,,,,,,,,,,,,,,,,,,,,,22556000.000,9054000.000,,12563000.000
BenefitsLossesAndExpenses,2040586000.000,2003571000.000,1823367000.000,2127634000.000,2112212000.000,2159861000.000,2247602000.000,2402013000.000,2322275000.000,2665400000.000,2188120000.000,2507304000.000,2457733000.000,2532485000.000,2484773000.000,2420670000.000,2336488000.000,2416550000.000,2298497000.000,2621848000.000,2404988000.000,2685845000.000,2612977000.000,2773755000.000,2800896000.000
CapitalExpendituresIncurredButNotYetPaid,,,,,,,,,,,,,,,,,4514000.000,,,,0.000,,,,
CashAndCashEquivalentsPeriodIncreaseDecrease,4011000.000,,,,-88937000.000,,,,-258051000.000,,,,203485000.000,,,,-562490000.000,,,,-23193000.000,,,,-22604000.000
CashFlowHedgeGainLossReclassifiedToEarningsNet,,,,,0.000,0.000,0.000,0.000,0.000,,,,,,,,,,,,,,,,
CashFlowHedgeGainLossReclassifiedToInvestmentIncomeNet,,,,,-357000.000,-321000.000,-351000.000,-353000.000,-305000.000,,,,,,,,,,,,,,,,
CertainLoansAcquiredInTransferAccountedForAsAvailableForSaleDebtSecuritiesAccretableYieldAccretion,,,,,,,,,-1943000.000,1879000.000,1952000.000,5867000.000,2139000.000,2357000.000,,,,,,,,,,,
CertainLoansAcquiredInTransferAccountedForAsAvailableForSaleDebtSecuritiesAccretableYieldAdditions,,,,,,,,,22066000.000,7885000.000,4374000.000,8610000.000,7571000.000,5684000.000,,,,,,,,,,,
CertainLoansAcquiredInTransferAccountedForAsAvailableForSaleDebtSecuritiesAccretableYieldDisposalsOfLoans,,,,,,,,,0.000,,,,,,,,,,,,,,,,
CertainLoansAcquiredInTransferAccountedForAsAvailableForSaleDebtSecuritiesAccretableYieldReclassificationsToNonaccretableDifference,,,,,,,,,553000.000,-1180000.000,-1388000.000,3401000.000,1155000.000,13477000.000,,,,,,,,,,,
CertainLoansAcquiredInTransferNotAccountedForAsDebtSecuritiesAccretableYieldDisposalsOfLoans,,,,,,,,,,-832000.000,0.000,,-379000.000,0.000,,,,,,,,,,,
ChangeInUnrealizedGainLossOnFairValueHedgingInstruments1,,,,,,,,,,,,,,,,,,,,,5867000.000,-3755000.000,3205000.000,-7017000.000,6536000.000
ChangeInUnrealizedGainLossOnHedgedItemInFairValueHedge1,,,,,,,,,,,,,,,,,,,,,-5867000.000,3755000.000,-3205000.000,7017000.000,-6536000.000
CommonStockDividendsPerShareDeclared,0.120,0.120,0.180,0.180,0.180,0.180,0.240,0.240,0.240,0.240,0.300,0.300,0.300,0.300,0.330,0.330,0.330,0.330,0.370,0.370,0.370,0.370,0.410,0.410,0.410
ComprehensiveIncomeNetOfTax,,298778000.000,387984000.000,,116967000.000,328507000.000,496924000.000,180244000.000,53373000.000,-844218000.000,55822000.000,50565000.000,410556000.000,547457000.000,28943000.000,348613000.000,352221000.000,-604481000.000,-159351000.000,-35068000.000,698571000.000,891094000.000,425671000.000,-882848000.000,327338000.000
ConcentrationRiskPercentage1,,,,,,,,,,,,,,,,,,,,,1.000,,,,1.000
DeferredIncomeTaxExpenseBenefit,23517000.000,,,,38107000.000,,,,16343000.000,,,,41472000.000,,,,13144000.000,,,,23406000.000,,,,50110000.000
DefinedBenefitPlanContributionsByEmployer,,,,,0.000,,,,0.000,,,,0.000,,,,0.000,,,,0.000,,,,0.000
DefinedBenefitPlansEstimatedFutureEmployerContributionsInCurrentFiscalYear,,,,,,,,,,,,,6100000.000,,,,3700000.000,,,,8000000.000,,,,
DepreciationDepletionAndAmortization,,,,,,,,,,,,,,,,,,,,,,,,,6845000.000
DerivativeInstrumentsGainLossReclassifiedFromAccumulatedOCIIntoIncomeEffectivePortionNet,,,,,,,,,,,,,,,,,,2038000.000,,,,,,,
DerivativeInstrumentsGainLossRecognizedInIncomeIneffectivePortionAndAmountExcludedFromEffectivenessTestingNet,,,,,,,,,,,,,,,,,,0.000,,,,,1600000.000,,
DerivativeInstrumentsGainRecognizedInIncomeIneffectivePortionAndAmountExcludedFromEffectivenessTesting,,,,,,,,,,,,,,,,,,,,,4600000.000,2400000.000,,,1000000.000
EarningsPerShareBasic,2.200,1.800,2.000,2.150,1.680,1.910,1.960,3.020,2.510,-0.690,1.950,2.050,1.940,2.870,2.300,2.770,1.840,1.970,1.260,2.480,1.180,3.680,3.100,2.950,2.260
EarningsPerShareDiluted,2.180,1.780,1.980,2.150,1.670,1.910,1.950,2.990,2.490,-0.690,1.930,2.050,1.920,2.840,2.280,2.740,1.810,1.940,1.250,2.460,1.170,3.640,3.070,2.910,2.220
EffectOfExchangeRateOnCashAndCashEquivalents,3923000.000,,,,6088000.000,,,,-16004000.000,,,,7306000.000,,,,-35090000.000,,,,20439000.000,,,,18833000.000
EffectiveIncomeTaxRateContinuingOperations,,,,,,,0.283,,,,,,0.315,,0.318,,0.321,0.390,0.404,-0.789,0.289,0.332,0.309,-0.602,0.300
EmployeeServiceShareBasedCompensationNonvestedAwardsTotalCompensationCostNotYetRecognizedPeriodForRecognition,,2.400,2.200,,2.500,,,,3.100,,,,,,,,,,,,,,,,
ExcessTaxBenefitFromShareBasedCompensationFinancingActivities,932000.000,,,,-30000.000,,,,143000.000,,,,668000.000,,,,0.000,,,,,,,,
ExcessTaxBenefitFromShareBasedCompensationOperatingActivities,932000.000,,,,-30000.000,,,,143000.000,,,,668000.000,,,,0.000,,,,,,,,
FairValueLevel1ToLevel2TransfersAmount,,,,,,16849000.000,23586000.000,,0.000,,,,,,,,,,,,,,,,
FairValueLevel2ToLevel1TransfersAmount,,,,,,11152000.000,11068000.000,,14012000.000,,,,,,,,,,,,,,,,
GainLossOnFairValueHedgeIneffectivenessNet,,,,,,,,,,,,,,,,,,,,,0.000,0.000,0.000,0.000,0.000
GainLossOnInvestments,123620000.000,27388000.000,-139600000.000,-47464000.000,43520000.000,23801000.000,76053000.000,110762000.000,94371000.000,48243000.000,-76465000.000,-2159000.000,84571000.000,118527000.000,22318000.000,-39223000.000,7583000.000,-16178000.000,-111346000.000,-44809000.000,-120886000.000,118264000.000,86624000.000,10193000.000,60523000.000
GainLossOnSaleOfOtherInvestments,125176000.000,32678000.000,-130778000.000,-36183000.000,58348000.000,25598000.000,78608000.000,115108000.000,94573000.000,58352000.000,-76133000.000,99000.000,84874000.000,119397000.000,22564000.000,-32876000.000,10110000.000,-12041000.000,-88235000.000,-17204000.000,-87069000.000,119110000.000,86624000.000,14261000.000,77712000.000
GainsLossesOnExtinguishmentOfDebt,,,,,,,,,,,,,0.000,,,,,,,,,,,,
GrossInvestmentIncomeOperating,,,,,,,,,,,,,,,,,,,,,,525229000.000,507781000.000,,
ImpairedFinancingReceivableAverageRecordedInvestment,,,36057000.000,,58879000.000,52332000.000,46101000.000,-107329000.000,46101000.000,39392000.000,35121000.000,-82773000.000,35093000.000,30444000.000,24029000.000,-62512000.000,16992000.000,16921000.000,18859000.000,-35147000.000,13339000.000,8625000.000,6953000.000,-26668000.000,2157000.000
ImpairedFinancingReceivableInterestIncomeAccrualMethod,,,234000.000,,477000.000,438000.000,570000.000,184000.000,570000.000,343000.000,615000.000,275000.000,511000.000,330000.000,251000.000,192000.000,261000.000,264000.000,265000.000,310000.000,156000.000,107000.000,107000.000,-228000.000,33000.000
IncomeLossFromContinuingOperationsBeforeIncomeTaxesMinorityInterestAndIncomeLossFromEquityMethodInvestments,,,,,,,,,,-74758000.000,201695000.000,,199440000.000,300535000.000,231815000.000,276743000.000,184125000.000,213790000.000,140137000.000,206743000.000,107580000.000,353223000.000,287600000.000,295543000.000,207844000.000
IncomeTaxEffectsAllocatedDirectlyToEquityCumulativeEffectOfChangeInAccountingPrinciple,,,,,,,,,,,,,,,,,,,,,,,,,17700000.000
IncomeTaxExpenseBenefit,81033000.000,67518000.000,24155000.000,62054000.000,57445000.000,74781000.000,57004000.000,98100000.000,93292000.000,-25146000.000,63740000.000,84531000.000,62776000.000,102239000.000,73819000.000,85652000.000,59011000.000,83399000.000,56603000.000,43616000.000,31108000.000,117120000.000,88881000.000,105394000.000,62332000.000
IncomeTaxReconciliationChangeInDeferredTaxAssetsValuationAllowance,,,0.000,,,,105000.000,,,,,,-3157000.000,,326000.000,,6791000.000,4967000.000,10239000.000,-2840000.000,4999000.000,4288000.000,4411000.000,-2735000.000,1182000.000
IncomeTaxReconciliationChangeInEnactedTaxRate,,,0.000,,,,,,,,,,,,,,,,,,,,,,
IncomeTaxReconciliationEquityInEarningsLossesOfUnconsolidatedSubsidiary,,,,,,,,,,,,,,,,,,,,,,,,,1856000.000
IncomeTaxReconciliationForeignIncomeTaxRateDifferential,,,-5458000.000,,,,-3174000.000,,,,,,-3221000.000,,-3645000.000,,-5517000.000,-764000.000,-96000.000,-3573000.000,-3884000.000,-8398000.000,-2335000.000,643000.000,-6153000.000
IncomeTaxReconciliationIncomeTaxExpenseBenefitAtFederalStatutoryIncomeTaxRate,,,60039000.000,,,,70517000.000,,,,,,69804000.000,,81135000.000,,64444000.000,74826000.000,49048000.000,72360000.000,37653000.000,123628000.000,100660000.000,103440000.000,72745000.000
IncomeTaxReconciliationNondeductibleExpenseLifeInsurance,,,756000.000,,,,-164000.000,,,,,,,,,,,,,,,,,,
IncomeTaxReconciliationNondeductibleExpenseMealsAndEntertainment,,,147000.000,,,,111000.000,,,,,,,,,,,,,,,,,,
IncomeTaxReconciliationOtherAdjustments,,,60000.000,,,,-975000.000,,,,,,108000.000,,451000.000,,-587000.000,213000.000,1384000.000,1099000.000,210000.000,-2000.000,-647000.000,-396000.000,134000.000
IncomeTaxReconciliationPriorYearIncomeTaxes,,,1778000.000,,,,-4869000.000,,,,,,-3353000.000,,-4794000.000,,-4765000.000,-212000.000,3747000.000,2712000.000,125000.000,-442000.000,-1996000.000,840000.000,229000.000
IncomeTaxReconciliationTaxContingenciesDomestic,,,984000.000,,,,-747000.000,,,,,,778000.000,,-2083000.000,,952000.000,952000.000,-2580000.000,764000.000,602000.000,3288000.000,-3979000.000,200000.000,611000.000
IncomeTaxReconciliationTaxCreditsForeign,,,,,,,,,,,,,855000.000,,1558000.000,,2343000.000,1104000.000,1106000.000,-2617000.000,293000.000,427000.000,1934000.000,-971000.000,126000.000
IncomeTaxesPaid,77441000.000,,,,15112000.000,,,,9125000.000,,,,,,,,,,,,,,,,
IncomeTaxesPaidNet,,,,,,,,,,,,,8611000.000,,,,-58864000.000,,,,12322000.000,,,,12132000.000
IncreaseDecreaseCashCollateralFromCounterparties,,,,,,,,,,,,,29680000.000,,,,31109000.000,,,,40392000.000,,,,-3628000.000
IncreaseDecreaseInAccruedInvestmentIncomeReceivable,26763000.000,,,,28616000.000,,,,30083000.000,,,,-34480000.000,,,,28443000.000,,,,24379000.000,,,,10501000.000
IncreaseDecreaseInDeferredPolicyAcquisitionCosts,-67230000.000,,,,65583000.000,,,,-42741000.000,,,,-64559000.000,,,,-2380000.000,,,,79468000.000,,,,-58962000.000
IncreaseDecreaseInFundsHeldUnderReinsuranceAgreements,-571000.000,,,,33083000.000,,,,29829000.000,,,,21466000.000,,,,272287000.000,,,,4980000.000,,,,2753000.000
IncreaseDecreaseInInsuranceLiabilities,227509000.000,,,,554354000.000,,,,275091000.000,,,,392876000.000,,,,251570000.000,,,,375670000.000,,,,396459000.000
IncreaseDecreaseInOtherOperatingCapitalNet,25759000.000,,,,-5944000.000,,,,12317000.000,,,,29340000.000,,,,-5973000.000,,,,18513000.000,,,,11101000.000
IncreaseDecreaseInPremiumsReceivable,-85908000.000,,,,61722000.000,,,,-72864000.000,,,,15627000.000,,,,19816000.000,,,,51778000.000,,,,54845000.000
IncreaseDecreaseInReinsuranceRecoverable,38230000.000,,,,-28686000.000,,,,-28131000.000,,,,-4254000.000,,,,64299000.000,,,,68918000.000,,,,81046000.000
IncrementalCommonSharesAttributableToShareBasedPaymentArrangements,,,,,,336000.000,362000.000,,551000.000,0.000,526000.000,,690000.000,642000.000,692000.000,,801000.000,769000.000,677000.000,,649000.000,670000.000,669000.000,,1318000.000
InterestCreditedToPolicyholdersAccountBalances,106063000.000,96196000.000,35251000.000,78884000.000,88042000.000,66697000.000,130341000.000,94835000.000,125483000.000,118345000.000,59939000.000,172747000.000,110594000.000,115962000.000,120952000.000,103523000.000,120678000.000,77246000.000,34008000.000,105032000.000,87905000.000,95849000.000,116848000.000,64089000.000,107684000.000
InterestExpense,24569000.000,25818000.000,27025000.000,25226000.000,23322000.000,23360000.000,29749000.000,28917000.000,28486000.000,29918000.000,30831000.000,35072000.000,35084000.000,35211000.000,36065000.000,-9660000.000,35627000.000,35851000.000,35565000.000,35820000.000,32807000.000,20331000.000,43063000.000,41422000.000,42402000.000
InterestPaid,12846000.000,,,,24592000.000,,,,16552000.000,,,,25434000.000,,,,29849000.000,,,,,,,,
InterestPaidNet,,,,,,,,,,,,,,,,,,,,,29112000.000,,,,46401000.000
InvestmentIncomeInvestmentExpense,,7006000.000,6838000.000,,9550000.000,9269000.000,9820000.000,-67829000.000,12260000.000,13181000.000,13137000.000,13448000.000,14322000.000,14133000.000,15698000.000,18167000.000,16671000.000,17179000.000,16455000.000,17739000.000,17853000.000,17563000.000,18054000.000,18619000.000,18670000.000
InvestmentIncomeNet,,,,,,,,,,-201000.000,-291000.000,,-218000.000,-321000.000,-393000.000,-280000.000,,,,,,,,,
MarketableSecuritiesRealizedGainLossOtherThanTemporaryImpairmentsAmount,1556000.000,5582000.000,11911000.000,11824000.000,7607000.000,1959000.000,1996000.000,4346000.000,202000.000,9803000.000,391000.000,2258000.000,303000.000,870000.000,246000.000,6347000.000,2527000.000,4137000.000,23111000.000,27605000.000,33817000.000,846000.000,0.000,4142000.000,17189000.000
NetCashProvidedByUsedInFinancingActivities,-249763000.000,,,,-140371000.000,,,,-351602000.000,,,,-200772000.000,,,,-339897000.000,,,,297393000.000,,,,-347835000.000
NetCashProvidedByUsedInFinancingActivitiesContinuingOperations,-249763000.000,,,,-140371000.000,,,,-351602000.000,,,,-200772000.000,,,,-339897000.000,,,,297393000.000,,,,-347835000.000
NetCashProvidedByUsedInInvestingActivities,-125797000.000,,,,-509309000.000,,,,-385375000.000,,,,-144277000.000,,,,-503714000.000,,,,-709597000.000,,,,-110967000.000
NetCashProvidedByUsedInInvestingActivitiesContinuingOperations,-125797000.000,,,,-509309000.000,,,,-385375000.000,,,,-144277000.000,,,,-503714000.000,,,,-709597000.000,,,,-110967000.000
NetCashProvidedByUsedInOperatingActivities,375648000.000,,,,554655000.000,,,,494930000.000,,,,541228000.000,,,,316211000.000,,,,368572000.000,,,,417365000.000
NetCashProvidedByUsedInOperatingActivitiesContinuingOperations,375648000.000,,,,554655000.000,,,,494930000.000,,,,541228000.000,,,,316211000.000,,,,368572000.000,,,,417365000.000
NetCreditLossOnLoansManagedOrSecuritizedOrAssetbackedFinancingArrangement,,,,,,,,,,1296000.000,0.000,,0.000,0.000,2854000.000,-5585000.000,0.000,0.000,0.000,0.000,0.000,,,,
NetCreditLossesDuringPeriodOnLoansManagedOrSecuritized,,-1157000.000,0.000,,-2193000.000,-1876000.000,-526000.000,-1879000.000,-852000.000,,,,,,,,,,,,,,,,
NetIncomeLoss,160816000.000,132888000.000,147385000.000,158531000.000,123318000.000,141111000.000,144475000.000,222989000.000,185535000.000,-49612000.000,137955000.000,144959000.000,136664000.000,198296000.000,157996000.000,191091000.000,125114000.000,130391000.000,83534000.000,163127000.000,76472000.000,236103000.000,198719000.000,190149000.000,145512000.000
NetInvestmentIncome,371040000.000,337436000.000,268210000.000,304511000.000,340940000.000,328334000.000,396781000.000,370151000.000,425131000.000,444234000.000,369366000.000,461134000.000,404375000.000,410607000.000,447106000.000,451603000.000,426891000.000,450539000.000,389597000.000,467468000.000,417266000.000,507666000.000,489727000.000,497227000.000,514364000.000
OtherAdjustmentsForNoncashItemsIncludedInIncomeLossFromContinuingOperations,53065000.000,,,,,,,,,,,,,,,,,,,,,,,,
OtherComprehensiveIncomeAmortizationOfDefinedBenefitPlanNetPriorServiceCostRecognizedInNetPeriodicPensionCostNetOfTax,,358000.000,708000.000,,290000.000,1211000.000,336000.000,-7107000.000,825000.000,,,,,,,,,,,,,,,,
OtherComprehensiveIncomeForeignCurrencyTransactionAndTranslationGainLossArisingDuringPeriodNetOfTax,,14140000.000,-112810000.000,,24080000.000,-16865000.000,36248000.000,-5783000.000,-14105000.000,-88832000.000,27139000.000,15406000.000,-42683000.000,42643000.000,-75107000.000,-83820000.000,-117771000.000,21935000.000,-105504000.000,-124070000.000,77733000.000,9942000.000,-28233000.000,-44180000.000,-22213000.000
OtherComprehensiveIncomeLossAmortizationAdjustmentFromAOCIPensionAndOtherPostretirementBenefitPlansForNetPriorServiceCostCreditNetOfTax,,,,,,,,,,875000.000,517000.000,,741000.000,273000.000,421000.000,-1109000.000,954000.000,834000.000,1685000.000,-3243000.000,-2859000.000,1156000.000,527000.000,1471000.000,924000.000
OtherComprehensiveIncomeLossBeforeReclassificationsBeforeTax,,,,,,,,,,,,,,,,,,,,,848056000.000,,,,232681000.000
OtherComprehensiveIncomeLossBeforeReclassificationsNetOfTax,,,,,,,,,,,,,277236000.000,,,,233987000.000,,,,,,,,
OtherComprehensiveIncomeLossBeforeTax,,,,,,,,,,,,,,,,,391626000.000,,,,,,,,
OtherComprehensiveIncomeLossNetOfTax,,,,,,,,,,-794606000.000,-82133000.000,,273892000.000,349161000.000,-129053000.000,157522000.000,227107000.000,-734872000.000,-242885000.000,-198195000.000,622099000.000,654991000.000,226952000.000,-1072997000.000,181826000.000
OtherComprehensiveIncomeLossNetOfTaxPeriodIncreaseDecrease,,,,,-6351000.000,187396000.000,352449000.000,-42745000.000,-132162000.000,,,,,,,,,,,,,,,,
OtherComprehensiveIncomeLossTax,,,,,,,,,,,,,,,,,-157639000.000,,,,237745000.000,,,,58073000.000
OtherComprehensiveIncomeUnrealizedHoldingGainLossOnSecuritiesArisingDuringPeriodNetOfTax,,151582000.000,354709000.000,,-35415000.000,203156000.000,315501000.000,-31337000.000,-119333000.000,-706848000.000,-112035000.000,-122092000.000,315384000.000,304997000.000,-55615000.000,255227000.000,343924000.000,-757641000.000,-139066000.000,-172542000.000,547225000.000,643893000.000,254658000.000,-984618000.000,203115000.000
OtherCostAndExpenseOperating,106150000.000,97161000.000,94029000.000,122000000.000,110098000.000,105541000.000,103786000.000,132334000.000,119501000.000,113408000.000,111672000.000,122136000.000,110936000.000,127462000.000,133737000.000,166280000.000,121618000.000,131600000.000,142270000.000,158556000.000,157424000.000,159895000.000,152556000.000,175634000.000,158506000.000
OtherIncome,51645000.000,50477000.000,90132000.000,56456000.000,45033000.000,72957000.000,63501000.000,62482000.000,101907000.000,63009000.000,70734000.000,64821000.000,67590000.000,120726000.000,78879000.000,67261000.000,62287000.000,66936000.000,71038000.000,77431000.000,59183000.000,66193000.000,72468000.000,68715000.000,68157000.000
OtherNoncashIncomeExpense,,,,,38938000.000,,,,80142000.000,,,,-22486000.000,,,,-59837000.000,,,,-30976000.000,,,,-964000.000
OtherThanTemporaryImpairmentCreditLossesRecognizedInEarningsAdditionsAdditionalCreditLosses,,,2432000.000,,8720000.000,161000.000,1306000.000,-1000.000,0.000,0.000,134000.000,0.000,,,0.000,,,,,,,,,,
OtherThanTemporaryImpairmentCreditLossesRecognizedInEarningsAdditionsNoPreviousImpairment,,,5259000.000,,1902000.000,60000.000,0.000,0.000,0.000,0.000,0.000,0.000,,,,,,,,,,,,,
OtherThanTemporaryImpairmentCreditLossesRecognizedInEarningsReductionsChangeInStatus,,,,,,,,,,,,,,,,,,,,,,310000.000,0.000,,2336000.000
OtherThanTemporaryImpairmentCreditLossesRecognizedInEarningsReductionsSecuritiesSold,,,-752000.000,,-952000.000,-8266000.000,-20725000.000,-7187000.000,-1902000.000,0.000,1762000.000,3804000.000,0.000,4412000.000,0.000,0.000,,0.000,0.000,,,,,,
OtherThanTemporaryImpairmentLossesInvestmentsPortionInOtherComprehensiveIncomeLossBeforeTaxIncludingPortionAttributableToNoncontrollingInterestAvailableforsaleSecurities,,,,,,,,,,306000.000,-59000.000,,0.000,0.000,0.000,0.000,0.000,,,,,,,,
OtherThanTemporaryImpairmentLossesInvestmentsPortionInOtherComprehensiveIncomeLossNetOfTaxPortionAttributableToParentAvailableforsaleSecurities,,,,,,,,,,-199000.000,-2246000.000,,-450000.000,-1248000.000,-1248000.000,1248000.000,0.000,0.000,0.000,,,,,,
OtherThanTemporaryImpairmentLossesInvestmentsPortionRecognizedInEarningsNet,,,-8822000.000,,-14828000.000,1797000.000,2555000.000,-13050000.000,202000.000,10109000.000,332000.000,2258000.000,303000.000,870000.000,246000.000,6347000.000,2527000.000,4137000.000,23111000.000,27605000.000,33817000.000,846000.000,0.000,4068000.000,17189000.000
PaymentsForProceedsFromOtherInvestingActivities,24911000.000,,,,-65256000.000,,,,-84917000.000,,,,-160427000.000,,,,-14092000.000,,,,7262000.000,,,,14126000.000
PaymentsForProceedsFromPolicyLoans,,,,,,,,,,,,,,,,,,,,,0.000,,,,
PaymentsForProceedsFromShortTermInvestments,,,,,,,,,,,,,-20740000.000,,,,-4325000.000,,,,-124653000.000,,,,-23668000.000
PaymentsForRepurchaseOfEquity,335955000.000,,,,4118000.000,,,,47640000.000,,,,86837000.000,,,,214665000.000,,,,105803000.000,,,,3067000.000
PaymentsOfDebtIssuanceCosts,,,,,,,,,,,,,,,,,1184000.000,,,,0.000,,,,0.000
PaymentsOfDividends,8832000.000,,,,13255000.000,,,,17753000.000,,,,21244000.000,,,,22669000.000,,,,24019000.000,,,,26381000.000
PaymentsToAcquireAvailableForSaleSecurities,,,,,,,,,,,,,917715000.000,,,,-69322000.000,,,,1768881000.000,,,,1933120000.000
PaymentsToAcquireAvailableForSaleSecuritiesEquity,,,,,,,,,,,,,,,,,,,,,,,,,14646000.000
PaymentsToAcquireHeldToMaturitySecurities,1087526000.000,,,,572345000.000,,,,1277240000.000,,,,,,,,,,,,,,,,
PaymentsToAcquireMortgageNotesReceivable,28493000.000,,,,75081000.000,,,,79361000.000,,,,135802000.000,,,,-200000.000,,,,-141228000.000,,,,-88835000.000
PaymentsToAcquirePropertyPlantAndEquipment,,,,,,,,,,,,,,,,,21504000.000,,,,0.000,,,,16893000.000
PaymentsToFundPolicyLoans,0.000,,,,,,,,0.000,,,,52913000.000,,,,1000335000.000,,,,-16939000.000,,,,-24663000.000
PolicyholderBenefitsAndClaimsIncurredNet,1469449000.000,1520013000.000,1514765000.000,1720573000.000,1580149000.000,1625446000.000,1662625000.000,1797779000.000,1688910000.000,2030574000.000,1714899000.000,1869949000.000,1843677000.000,1841885000.000,1855037000.000,1866042000.000,1775451000.000,1866183000.000,1831819000.000,2015929000.000,1886764000.000,1997502000.000,1993064000.000,2116045000.000,2106145000.000
PremiumsEarnedNet,1736130000.000,1788676000.000,1776165000.000,2034716000.000,1863482000.000,1950661000.000,1912746000.000,2179707000.000,1979693000.000,2035156000.000,2026180000.000,2212998000.000,2100637000.000,2183160000.000,2168285000.000,2217772000.000,2023852000.000,2129043000.000,2089345000.000,2328501000.000,2157005000.000,2346945000.000,2251758000.000,2493163000.000,2365696000.000
ProceedsFromAnnuitiesAndInvestmentCertificates,13724000.000,,,,37303000.000,,,,17241000.000,,,,36257000.000,,,,66329000.000,,,,432684000.000,,,,202850000.000
ProceedsFromCollectionOfPolicyLoans,6402000.000,,,,330000.000,,,,32378000.000,,,,485000.000,,,,-32196000.000,,,,,,,,
ProceedsFromIssuanceOfCommonStock,154588000.000,,,,,,,,,,,,,,,,,,,,,,,,
ProceedsFromIssuanceOfFinancialServicesObligations,-6120000.000,,,,-100565000.000,,,,11532000.000,,,,,,,,,,,,,,,,
ProceedsFromIssuanceOfLongTermDebt,,,,,0.000,,,,,,,,,,,,,,,,,,,,
ProceedsFromMaturitiesPrepaymentsAndCallsOfAvailableForSaleSecurities,85374000.000,,,,36437000.000,,,,36028000.000,,,,111854000.000,,,,94994000.000,,,,116644000.000,,,,201515000.000
ProceedsFromOtherDebt,56000000.000,,,,,,,,,,,,,,,,,,,,,,,,
ProceedsFromRecoveriesOfLoanPreviouslyChargedOff,,,,,,,,,,,,,24000.000,,97000.000,,,,,,,,,,
ProceedsFromRepaymentsOfSecuredDebt,,,,,,,,,,,,,,,,,-7367000.000,,,,-6877000.000,,,,-16908000.000
ProceedsFromRepurchaseOfTrustPreferredSecurities,,,,,0.000,,,,,,,,,,,,,,,,,,,,
ProceedsFromSaleAndCollectionOfMortgageNotesReceivable,11843000.000,,,,22081000.000,,,,52157000.000,,,,105622000.000,,,,-1000.000,,,,-305252000.000,,,,-184575000.000
ProceedsFromSaleOfAvailableForSaleSecurities,910943000.000,,,,47096000.000,,,,795575000.000,,,,584491000.000,,,,639676000.000,,,,977314000.000,,,,1563956000.000
ProceedsFromSaleOfAvailableForSaleSecuritiesEquity,,,,,,,,,,,,,,,,,,,,,,,,,152509000.000
ProceedsFromStockOptionsExercised,-5811000.000,,,,216000.000,,,,1071000.000,,,,6364000.000,,,,5759000.000,,,,3239000.000,,,,1719000.000
ProvisionForLoanAndLeaseLosses,,,,,,,,,,725000.000,234000.000,,1664000.000,-1226000.000,93000.000,-1435000.000,341000.000,188000.000,-290000.000,103000.000,11000.000,325000.000,247000.000,289000.000,101000.000
RealizedInvestmentGainsLosses,,27388000.000,-139600000.000,,43520000.000,23801000.000,76053000.000,110762000.000,94371000.000,48243000.000,-76465000.000,-2159000.000,84571000.000,118527000.000,22318000.000,-39223000.000,7583000.000,-16178000.000,-111346000.000,-44809000.000,-120886000.000,118264000.000,86624000.000,10193000.000,60523000.000
ReclassificationFromAccumulatedOtherComprehensiveIncomeCurrentPeriodBeforeTax,,,,,,,,,,,,,,,,,,,,,11788000.000,,,,7218000.000
ReclassificationFromAccumulatedOtherComprehensiveIncomeCurrentPeriodNetOfTax,,,,,,,,,,,,,3344000.000,,,,,,,,,,,,
RepaymentsOfAnnuitiesAndInvestmentCertificates,110703000.000,,,,59922000.000,,,,204196000.000,,,,215660000.000,,,,196623000.000,,,,41613000.000,,,,201784000.000
RepaymentsOfLongTermDebt,7586000.000,,104200000.000,,0.000,,,,112000000.000,,,,,,,,586000.000,,,,610000.000,,,,300636000.000
RepaymentsOfOtherDebt,,,,,0.000,,,,,,,,,,,,,,,,,,,,
RepaymentsOfOtherLongTermDebt,,,,,,,,,,,,,0.000,,,,0.000,,,,,,,,
RepaymentsOfShortTermDebt,,,,,,,,,,,,,-50000000.000,,,,,,,,,,,,
Revenues,2282435000.000,2203977000.000,1994907000.000,2348219000.000,2292975000.000,2375753000.000,2449081000.000,2723102000.000,2601102000.000,2590642000.000,2389815000.000,2736794000.000,2657173000.000,2833020000.000,2716588000.000,2697413000.000,2520613000.000,2630340000.000,2438634000.000,2828591000.000,2512568000.000,3039068000.000,2900577000.000,3069298000.000,3008740000.000
SalesRevenueNet,1859750000.000,1788676000.000,1776165000.000,1987252000.000,1863482000.000,1950661000.000,1912746000.000,2179707000.000,1979693000.000,2035156000.000,2026180000.000,2212998000.000,2100637000.000,2183160000.000,2168285000.000,2217772000.000,2023852000.000,2129043000.000,2089345000.000,2328501000.000,2157005000.000,2346945000.000,2251758000.000,2493163000.000,2365696000.000
ShareBasedCompensationArrangementByShareBasedPaymentAwardOptionsExercisableWeightedAverageRemainingContractualTerm,,4.300,3.800,,4.700,,,,5.100,,,,,,,,,,,,,,,,
ShareBasedCompensationArrangementByShareBasedPaymentAwardOptionsGrantsInPeriodGross,,,,,700000.000,,,,700000.000,,,,300000.000,,,,300000.000,,,,300000.000,,,,200000.000
ShareBasedCompensationArrangementsByShareBasedPaymentAwardOptionsGrantsInPeriodWeightedAverageExercisePrice,,,,,,,,,,,,,78.480,,,,90.060,,,,93.530,,,,129.720
StockRepurchaseProgramAuthorizedAmount,,,,,,,,,,,,,300000000.000,,,,,,,,,,,,
StockRepurchaseProgramRemainingAuthorizedRepurchaseAmount,,,,,,,,,,,,,187400000.000,,,,,,,,,,,,
TransferToInvestments,,,,,,,,,,,,,,,,,118000.000,,,,689000.000,,,,1653000.000
TreasuryStockAcquiredAverageCostPerShare,,,,,,,,,,,,,,,,,,,90.360,,,,,,
TreasuryStockSharesAcquired,,,,,,,,,815011.000,,,,,818515.000,262800.000,,,252642.000,782437.000,,1200000.000,1400000.000,1400000.000,-2643108.000,
TreasuryStockValueAcquiredCostMethod,,,,,,,,,47600000.000,,,,,64100000.000,20900000.000,,,23500000.000,70702000.000,,,,,,
UnrealizedGainLossOnInterestRateCashFlowHedgesPretaxAccumulatedOtherComprehensiveIncomeLoss,,,,,323000.000,464000.000,-2831000.000,4657000.000,1863000.000,-6797000.000,2583000.000,-1618000.000,776000.000,4798000.000,-10679000.000,-20696000.000,213000.000,8735000.000,,,,,,,
WeightedAverageNumberOfDilutedSharesOutstanding,,74530000.000,74254000.000,,74043000.000,74054000.000,74138000.000,-148082000.000,74389000.000,72350000.000,71391000.000,-145669000.000,71264000.000,69718000.000,69335000.000,-140355000.000,68942000.000,67120000.000,66882000.000,-135652000.000,65217000.000,64796000.000,64815000.000,-129839000.000,65671000.000
WeightedAverageNumberOfSharesOutstandingBasic,,73971000.000,73856000.000,,73575000.000,73718000.000,73776000.000,-147332000.000,73838000.000,72350000.000,70865000.000,-145136000.000,70574000.000,69076000.000,68643000.000,-139045000.000,68141000.000,66351000.000,66205000.000,-134144000.000,64568000.000,64126000.000,64146000.000,-128566000.000,64353000.000
