,2011-03-27,2011-06-26,2011-09-25,2011-12-25,2012-03-25,2012-06-24,2012-09-23,2013-03-31,2013-06-30,2013-09-29,2013-12-29,2014-03-30,2014-06-29,2014-09-28,2014-12-28,2015-03-29,2015-06-28,2015-09-27,2015-12-27,2016-03-27,2016-06-26,2016-09-25,2016-12-25,2017-03-26
AdjustmentsToAdditionalPaidInCapitalOther,102000.000,,,,,,,,,,,,,,,,,,,,,,,
AdjustmentsToAdditionalPaidInCapitalSharebasedCompensationRequisiteServicePeriodRecognitionValue,1795000.000,,,,1694000.000,,,1681000.000,,,,,,,,,,,,,,,,
AdjustmentsToAdditionalPaidInCapitalTaxEffectFromShareBasedCompensation,31000.000,,,,-351000.000,,,301000.000,,,,,,,,,,,,,,,,
AntidilutiveSecuritiesExcludedFromComputationOfEarningsPerShareAmount,,,,,,,,0.000,218000.000,24000.000,-113000.000,102000.000,284000.000,270000.000,-430000.000,112000.000,292000.000,219000.000,-372000.000,476000.000,689000.000,22000.000,-856000.000,117000.000
CashAndCashEquivalentsPeriodIncreaseDecrease,-32481000.000,,,,26170000.000,,,8155000.000,,,,718000.000,,,,3402000.000,,,,-3734000.000,,,,7152000.000
CommonStockDividendsPerShareDeclared,,,,,,,,,,0.250,,0.125,0.125,0.140,0.140,0.140,0.140,0.175,0.175,0.175,0.175,0.200,0.200,0.200
ComprehensiveIncomeNetOfTax,,,,,18281000.000,15490000.000,15192000.000,18518000.000,16900000.000,15190000.000,19568000.000,19263000.000,17097000.000,15484000.000,19679000.000,20582000.000,12402000.000,16027000.000,24164000.000,22805000.000,19894000.000,20315000.000,35755000.000,28519000.000
ComprehensiveIncomeNetOfTaxAttributableToNoncontrollingInterest,,,,,,,,1013000.000,895000.000,602000.000,,,,,,,,,,,,,,
ComprehensiveIncomeNetOfTaxIncludingPortionAttributableToNoncontrollingInterest,18822000.000,12539000.000,11687000.000,17339000.000,,,,19531000.000,17795000.000,15792000.000,20500000.000,20493000.000,18188000.000,16371000.000,20853000.000,22585000.000,14090000.000,17032000.000,25750000.000,24674000.000,21465000.000,21498000.000,37404000.000,29990000.000
ConcentrationRiskPercentage1,,,,,0.100,,,0.100,,,,,,,,,,,,,,,,
CostsAndExpenses,285256000.000,274379000.000,288710000.000,282520000.000,304020000.000,294252000.000,304309000.000,325979000.000,322238000.000,324894000.000,359408000.000,369375000.000,353865000.000,365213000.000,392066000.000,394639000.000,367995000.000,361847000.000,376587000.000,385697000.000,386133000.000,389059000.000,398430000.000,405585000.000
DeferredIncomeTaxExpenseBenefit,2664000.000,,,,-1057000.000,,,3325000.000,,,,6170000.000,,,,5055000.000,,,,7141000.000,,,,1015000.000
DepreciationAndAmortization,8312000.000,8425000.000,7974000.000,7970000.000,7927000.000,8104000.000,8192000.000,8537000.000,8530000.000,,,,,,,,,,,,,,,
DepreciationDepletionAndAmortization,,,,,,,,,,8605000.000,,9164000.000,9855000.000,10520000.000,10426000.000,10041000.000,10136000.000,10461000.000,9669000.000,9744000.000,10031000.000,10614000.000,10598000.000,10457000.000
EarningsPerShareBasic,0.640,0.480,0.450,0.650,0.700,0.620,0.570,0.870,0.790,0.660,-0.740,0.460,0.400,0.390,0.530,0.560,0.270,0.460,0.620,0.690,0.610,0.570,0.890,0.780
EarningsPerShareDiluted,0.640,0.470,0.440,0.650,0.690,0.610,0.550,0.850,0.770,0.650,-0.720,0.450,0.400,0.390,0.510,0.550,0.270,0.450,0.620,0.690,0.610,0.570,0.870,0.770
EffectOfExchangeRateOnCashAndCashEquivalents,-6000.000,,,,132000.000,,,7000.000,,,,-42000.000,,,,-76000.000,,,,-58000.000,,,,74000.000
ExcessTaxBenefitFromShareBasedCompensationFinancingActivities,107000.000,,,,129000.000,,,1142000.000,,,,4900000.000,,,,5091000.000,,,,3884000.000,,,,
ExcessTaxBenefitFromShareBasedCompensationOperatingActivities,107000.000,,,,129000.000,,,1142000.000,,,,4900000.000,,,,5091000.000,,,,,,,,
FairValueMeasurementWithUnobservableInputsReconciliationRecurringBasisAssetTransfersNet,,,,,0.000,,,0.000,,,,0.000,,,,0.000,,,,0.000,,,,
GeneralAndAdministrativeExpense,29074000.000,27617000.000,27332000.000,27585000.000,31596000.000,31463000.000,30426000.000,33158000.000,33126000.000,31780000.000,36164000.000,36966000.000,33562000.000,33671000.000,36367000.000,41933000.000,42043000.000,36053000.000,37392000.000,40247000.000,42623000.000,40549000.000,40393000.000,38007000.000
IncomeLossAttributableToNoncontrollingInterest,,929000.000,817000.000,,1326000.000,1172000.000,794000.000,1013000.000,895000.000,602000.000,932000.000,1230000.000,1091000.000,887000.000,1174000.000,2003000.000,1688000.000,1005000.000,1586000.000,1869000.000,1571000.000,1183000.000,1649000.000,1471000.000
IncomeLossFromContinuingOperationsBeforeIncomeTaxesExtraordinaryItemsNoncontrollingInterest,,,,,27138000.000,24240000.000,21057000.000,30297000.000,26608000.000,21263000.000,27941000.000,31410000.000,26236000.000,24218000.000,32391000.000,36436000.000,17531000.000,26257000.000,38923000.000,41409000.000,35200000.000,31627000.000,50573000.000,41871000.000
IncomeLossFromContinuingOperationsBeforeIncomeTaxesMinorityInterestAndIncomeLossFromEquityMethodInvestments,26780000.000,19067000.000,16846000.000,,,,,,,,,,,,,,,,,,,,,
IncomeTaxExpenseBenefit,9231000.000,6014000.000,4906000.000,6737000.000,9068000.000,8299000.000,7112000.000,9978000.000,8563000.000,6385000.000,8204000.000,10869000.000,8397000.000,7256000.000,10036000.000,12197000.000,5063000.000,7281000.000,12642000.000,13358000.000,11088000.000,8977000.000,16294000.000,11972000.000
IncreaseDecreaseInAccountsPayable,-4818000.000,,,,1987000.000,,,-406000.000,,,,-1311000.000,,,,-3828000.000,,,,-10007000.000,,,,-5239000.000
IncreaseDecreaseInAccountsReceivable,3011000.000,,,,2670000.000,,,627000.000,,,,854000.000,,,,1312000.000,,,,-6457000.000,,,,1048000.000
IncreaseDecreaseInAccruedIncomeTaxesPayable,,,,,396000.000,,,,,,,,,,,,,,,,,,,
IncreaseDecreaseInAccruedLiabilities,-487000.000,,,,,,,,,,,,,,,,,,,,,,,
IncreaseDecreaseInAccruedLiabilitiesAndOtherOperatingLiabilities,,,,,1221000.000,,,-4641000.000,,,,-6958000.000,,,,-2291000.000,,,,-16738000.000,,,,-5164000.000
IncreaseDecreaseInAccruedTaxesPayable,5240000.000,,,,9850000.000,,,1243000.000,,,,3268000.000,,,,167000.000,,,,277000.000,,,,7817000.000
IncreaseDecreaseInDeferredLiabilities,,,,,3698000.000,,,-183000.000,,,,403000.000,,,,-74000.000,,,,934000.000,,,,-156000.000
IncreaseDecreaseInDeferredRevenue,-342000.000,,,,,,,,,,,,,,,,,,,,,,,
IncreaseDecreaseInIncomeTaxesReceivable,,,,,,,,,,,,,,,,-5899000.000,,,,-223000.000,,,,-2372000.000
IncreaseDecreaseInInventories,28000.000,,,,-1122000.000,,,1744000.000,,,,3210000.000,,,,-1043000.000,,,,612000.000,,,,-2425000.000
IncreaseDecreaseInOtherCurrentAssets,-85000.000,,,,820000.000,,,-142000.000,,,,204000.000,,,,303000.000,,,,314000.000,,,,134000.000
IncreaseDecreaseInOtherNoncurrentAssetsAndLiabilitiesNet,-77000.000,,,,-764000.000,,,-38000.000,,,,795000.000,,,,154000.000,,,,614000.000,,,,
IncreaseDecreaseInOtherOperatingCapitalNet,,,,,,,,,,,,,,,,,,,,,,,,1577000.000
IncreaseDecreaseInPrepaidExpense,324000.000,,,,-815000.000,,,-3238000.000,,,,-1919000.000,,,,-2755000.000,,,,-1938000.000,,,,-3574000.000
IncrementalCommonSharesAttributableToShareBasedPaymentArrangements,,221000.000,182000.000,,385000.000,379000.000,453000.000,550000.000,508000.000,493000.000,-695000.000,918000.000,745000.000,647000.000,-1552000.000,683000.000,525000.000,501000.000,-1167000.000,366000.000,304000.000,370000.000,-685000.000,540000.000
InterestExpense,608000.000,293000.000,282000.000,314000.000,288000.000,282000.000,284000.000,,,,,,,,,,,,,,,,,
InterestIncomeExpenseNonoperatingNet,,,,,,,,672000.000,-340000.000,-185000.000,,-592000.000,-763000.000,-968000.000,,-1209000.000,-1187000.000,-1180000.000,,-1489000.000,-1631000.000,-1756000.000,,-1810000.000
InterestPaidNet,,248000.000,230000.000,,249000.000,232000.000,237000.000,378000.000,424000.000,431000.000,767000.000,717000.000,853000.000,1000000.000,1130000.000,1300000.000,1300000.000,1300000.000,1400000.000,1600000.000,1800000.000,1900000.000,1800000.000,1900000.000
InvestmentIncomeInterest,177000.000,205000.000,170000.000,203000.000,170000.000,195000.000,136000.000,,,,,,,,,,,,,,,,,
LineOfCreditFacilityInterestRateDuringPeriod,,0.012,0.013,,0.013,0.013,0.013,0.012,0.011,0.016,-0.025,0.015,0.017,0.018,-0.033,0.021,0.020,0.020,-0.041,,0.021,0.021,,0.022
LitigationSettlementExpense,,,,,,,,,,,,,,,,,12278000.000,,,,,,,
LossContingencyLossInPeriod,,,782000.000,,,,,,,,,,,,,,,,,,,,,
MinorityInterestChangeInRedemptionValue,,,,,,,,,,,,-8000.000,,,,70000.000,73000.000,49000.000,-127000.000,,,,,520000.000
MinorityInterestPeriodIncreaseDecrease,-1729000.000,,,,,,,,,,,,,,,,,,,,,,,
NetCashProvidedByUsedInFinancingActivities,-54315000.000,,,,-11673000.000,,,-9005000.000,,,,-14194000.000,,,,-29469000.000,,,,-12711000.000,,,,-25321000.000
NetCashProvidedByUsedInFinancingActivitiesContinuingOperations,-54315000.000,,,,-11673000.000,,,-9005000.000,,,,-14194000.000,,,,-29469000.000,,,,-12711000.000,,,,-25321000.000
NetCashProvidedByUsedInInvestingActivities,-3725000.000,,,,-6382000.000,,,-12761000.000,,,,-11724000.000,,,,-7302000.000,,,,-20934000.000,,,,-14930000.000
NetCashProvidedByUsedInInvestingActivitiesContinuingOperations,-3725000.000,,,,-6382000.000,,,-12761000.000,,,,-11724000.000,,,,-7302000.000,,,,-20934000.000,,,,-14930000.000
NetCashProvidedByUsedInOperatingActivities,25565000.000,,,,44093000.000,,,29914000.000,,,,26678000.000,,,,40249000.000,,,,29969000.000,,,,47329000.000
NetCashProvidedByUsedInOperatingActivitiesContinuingOperations,25565000.000,,,,44093000.000,,,29914000.000,,,,26678000.000,,,,40249000.000,,,,29969000.000,,,,47329000.000
NetIncomeLoss,16427000.000,12124000.000,11123000.000,15981000.000,16744000.000,14769000.000,13151000.000,19306000.000,17150000.000,14276000.000,18805000.000,19311000.000,16748000.000,16075000.000,21181000.000,22236000.000,10780000.000,17971000.000,24695000.000,26182000.000,22541000.000,21467000.000,32630000.000,28428000.000
NetIncomeLossAttributableToNoncontrollingInterest,1122000.000,,,,,,,,,,,,,,,,,,,,,,,
NetIncomeLossAttributableToNonredeemableNoncontrollingInterest,,,,,,,,,,,,-25000.000,5000.000,163000.000,552000.000,690000.000,673000.000,418000.000,628000.000,625000.000,690000.000,499000.000,793000.000,677000.000
NetIncomeLossAttributableToRedeemableNoncontrollingInterest,,,,,,,,,,,,1255000.000,1086000.000,724000.000,622000.000,1313000.000,1015000.000,587000.000,958000.000,1244000.000,881000.000,684000.000,856000.000,794000.000
NetIncomeLossAvailableToCommonStockholdersBasic,,,,,,,,,,,,19166000.000,16636000.000,15956000.000,21111000.000,22206000.000,10803000.000,17947000.000,24466000.000,,,,,28831000.000
OperatingIncomeLoss,27211000.000,19155000.000,16958000.000,23693000.000,27256000.000,24327000.000,21205000.000,29625000.000,26948000.000,21448000.000,28482000.000,32002000.000,26999000.000,25186000.000,33443000.000,37645000.000,30996000.000,27437000.000,40229000.000,42898000.000,36831000.000,33383000.000,51411000.000,43681000.000
OtherComprehensiveIncomeDerivativesQualifyingAsHedgesNetOfTaxPeriodIncreaseDecrease,,,-93000.000,,,,,,,,,,,,,,,,,,,,,
OtherComprehensiveIncomeForeignCurrencyTransactionAndTranslationAdjustmentNetOfTaxPeriodIncreaseDecrease,1114000.000,-514000.000,-160000.000,424000.000,,,,,,,,,,,,,,,,,,,,
OtherComprehensiveIncomeLossBeforeTax,,,,,,,,-1252000.000,-396000.000,1451000.000,1211000.000,-76000.000,555000.000,-940000.000,-2384000.000,-2625000.000,2575000.000,-3086000.000,-843000.000,-5360000.000,-4201000.000,-1828000.000,4959000.000,145000.000
OtherComprehensiveIncomeLossDerivativesQualifyingAsHedgesBeforeTax,,,,,,,,-117000.000,190000.000,-529000.000,405000.000,-43000.000,-404000.000,694000.000,-508000.000,-1084000.000,459000.000,-1386000.000,165000.000,-3289000.000,-2760000.000,210000.000,7331000.000,-468000.000
OtherComprehensiveIncomeLossDerivativesQualifyingAsHedgesNetOfTax,,,,,-80000.000,-6000.000,-9000.000,,,,,,,,,,,,,,,,,
OtherComprehensiveIncomeLossDerivativesQualifyingAsHedgesTax,,,,,-47000.000,-3000.000,-6000.000,-44000.000,71000.000,-196000.000,150000.000,-16000.000,-149000.000,256000.000,-188000.000,-401000.000,170000.000,-513000.000,61000.000,-1217000.000,-1021000.000,78000.000,2712000.000,-173000.000
OtherComprehensiveIncomeLossForeignCurrencyTransactionAndTranslationAdjustmentBeforeTax,,,,,,,,-1135000.000,-586000.000,1980000.000,806000.000,-33000.000,959000.000,-1634000.000,-1876000.000,-1541000.000,2116000.000,-1700000.000,-1008000.000,-2071000.000,-1441000.000,-2038000.000,-2372000.000,613000.000
OtherComprehensiveIncomeLossForeignCurrencyTransactionAndTranslationAdjustmentNetOfTax,,,,,291000.000,-445000.000,1256000.000,,,,,,,,,,,,,,,,,
OtherComprehensiveIncomeLossForeignCurrencyTranslationAdjustmentTax,,,,,,,,-420000.000,-217000.000,733000.000,298000.000,-12000.000,355000.000,-605000.000,-694000.000,-570000.000,783000.000,-629000.000,-373000.000,-766000.000,-533000.000,-754000.000,-878000.000,227000.000
OtherComprehensiveIncomeLossNetOfTax,,,,,211000.000,-451000.000,1247000.000,-788000.000,-250000.000,914000.000,763000.000,-48000.000,349000.000,-591000.000,-1502000.000,-1654000.000,1622000.000,-1944000.000,-531000.000,-3377000.000,-2647000.000,-1152000.000,3125000.000,91000.000
OtherComprehensiveIncomeLossNetOfTaxPortionAttributableToParent,,,,,,,,-788000.000,,,,,,,,,,,,,,,,
OtherComprehensiveIncomeLossTax,,,,,,,,-464000.000,-146000.000,537000.000,448000.000,-28000.000,206000.000,-349000.000,-882000.000,-971000.000,953000.000,-1142000.000,-312000.000,-1983000.000,-1554000.000,-676000.000,1834000.000,54000.000
OtherComprehensiveIncomeUnrealizedGainLossOnDerivativesArisingDuringPeriodNetOfTax,159000.000,,,,,,,,,,,,,,,,,,,,,,,
OtherComprehensiveIncomeUnrealizedGainLossOnDerivativesArisingDuringPeriodTax,89000.000,,,,,,,,,,,,,,,,,,,,,,,
OtherGeneralExpense,781000.000,1459000.000,4777000.000,2750000.000,5674000.000,1135000.000,1211000.000,1185000.000,1597000.000,1260000.000,2631000.000,1533000.000,1964000.000,3143000.000,1583000.000,1816000.000,1004000.000,1607000.000,1778000.000,,,,,
OtherNoncashIncomeExpense,-43000.000,,,,-678000.000,,,180000.000,,,,-1110000.000,,,,-1180000.000,,,,-1101000.000,,,,-769000.000
ParticipatingSecuritiesDistributedAndUndistributedEarningsLossBasic,,,,,,,,,,,,,,,,,,,,110000.000,91000.000,87000.000,132000.000,
PaymentsForProceedsFromOtherInvestingActivities,,,,,-5000.000,,,-319000.000,,,,-7000.000,,,,-20000.000,,,,-159000.000,,,,-7000.000
PaymentsForRepurchaseOfCommonStock,4119000.000,,,,13820000.000,,,32122000.000,,,,32800000.000,,,,24765000.000,,,,66033000.000,,,,13075000.000
PaymentsOfDividendsCommonStock,,,,,,,,,,,,5240000.000,,,,5545000.000,,,,6628000.000,,,,7354000.000
PaymentsRelatedToTaxWithholdingForShareBasedCompensation,,,,,303000.000,,,843000.000,,,,3233000.000,,,,5557000.000,,,,5670000.000,,,,2259000.000
PaymentsToAcquireAvailableForSaleSecurities,205000.000,,,,,,,,,,,,,,,,,,,,,,,
PaymentsToAcquireBusinessesNetOfCashAcquired,,,,,,,,,,,,,,,,341000.000,,,,11202000.000,,,,21000.000
PaymentsToAcquireNotesReceivable,165000.000,,,,687000.000,,,1748000.000,,,,1758000.000,,,,506000.000,,,,917000.000,,,,715000.000
PaymentsToAcquirePropertyPlantAndEquipment,4823000.000,,,,6403000.000,,,13248000.000,,,,11137000.000,,,,7558000.000,,,,10249000.000,,,,15064000.000
PaymentsToMinorityShareholders,,,,,,,,1000000.000,,,,300000.000,,,,1705000.000,,,,980000.000,,,,702000.000
PreferredStockDividendsAndOtherAdjustments,,,,,,,,,,,,137000.000,,,,100000.000,,,,,,,,
ProceedsFromMinorityShareholders,,,,,,,,350000.000,,,,,,,,,,,,,,,,
ProceedsFromPaymentsForOtherFinancingActivities,-10000.000,,,,82000.000,,,112000.000,,,,223000.000,,,,253000.000,,,,294000.000,,,,396000.000
ProceedsFromPaymentsToMinorityShareholders,-607000.000,,,,,,,,,,,,,,,,,,,,,,,
ProceedsFromRepaymentsOfLinesOfCredit,,,,,-1489000.000,,,20652000.000,,,,19267000.000,,,,549000.000,,,,61500000.000,,,,-5575000.000
ProceedsFromSaleAndCollectionOfNotesReceivable,1468000.000,,,,703000.000,,,1916000.000,,,,1164000.000,,,,1083000.000,,,,1275000.000,,,,863000.000
ProceedsFromStockOptionsExercised,1314000.000,,,,3728000.000,,,2704000.000,,,,2989000.000,,,,2210000.000,,,,922000.000,,,,3248000.000
ProfitLoss,17549000.000,13053000.000,11940000.000,16845000.000,18070000.000,15941000.000,13945000.000,20319000.000,18045000.000,14878000.000,19737000.000,20541000.000,17839000.000,16962000.000,22355000.000,24239000.000,12468000.000,18976000.000,26281000.000,28051000.000,24112000.000,22650000.000,34279000.000,29899000.000
ProvisionForDoubtfulAccounts,39000.000,,,,547000.000,,,314000.000,,,,145000.000,,,,659000.000,,,,216000.000,,,,-417000.000
RepaymentsOfLinesOfCredit,51000000.000,,,,,,,,,,,,,,,,,,,,,,,
Revenues,312467000.000,293534000.000,305668000.000,306213000.000,331276000.000,318579000.000,325514000.000,355604000.000,349186000.000,346342000.000,387890000.000,401377000.000,380864000.000,390399000.000,425509000.000,432284000.000,398991000.000,389284000.000,416816000.000,428595000.000,422964000.000,422442000.000,439619000.000,449266000.000
RevenuesFromTransactionsWithOtherOperatingSegmentsOfSameEntity,,39036000.000,42095000.000,,45161000.000,43234000.000,45677000.000,50585000.000,50058000.000,,,,,,,,,,,,,,,
SalesRevenueNet,312467000.000,293534000.000,305668000.000,306213000.000,331276000.000,318579000.000,325514000.000,355604000.000,349186000.000,346342000.000,387890000.000,401377000.000,380864000.000,390399000.000,425509000.000,432284000.000,398991000.000,389284000.000,416816000.000,428595000.000,422964000.000,422442000.000,439619000.000,449266000.000
ShareBasedCompensation,1795000.000,,,,1694000.000,,,1681000.000,,,,2190000.000,,,,2264000.000,,,,2172000.000,,,,2736000.000
StockIssuedDuringPeriodValueStockOptionsExercised,1314000.000,,,,3728000.000,,,2704000.000,,,,,,,,,,,,,,,,
StockholdersEquityOther,,,,,-81000.000,,,-110000.000,,,,,,,,,,,,,,,,
TemporaryEquityAccretionToRedemptionValueAdjustment,,,,,,,,,,,,,31000.000,42000.000,,,,,,-220000.000,-279000.000,157000.000,,
TreasuryStockValueAcquiredCostMethod,4119000.000,,,,13820000.000,,,32122000.000,,,,,,,,,,,,,,,,
UndistributedEarningsAllocatedToParticipatingSecurities,,,,,,,,,,,,137000.000,81000.000,,,,,,,,,,,
UndistributedEarningsLossAllocatedToParticipatingSecuritiesBasic,,,,,,,,,,,,,,77000.000,,100000.000,50000.000,73000.000,102000.000,,,,,117000.000
WeightedAverageNumberOfDilutedSharesOutstanding,25757000.000,25685000.000,25146000.000,-51278000.000,24438000.000,24112000.000,23721000.000,22806000.000,22250000.000,22084000.000,-22897000.000,42696000.000,41970000.000,41386000.000,-84334000.000,40510000.000,40217000.000,39895000.000,-80622000.000,38297000.000,37507000.000,37359000.000,-75555000.000,37350000.000
WeightedAverageNumberOfSharesOutstandingBasic,25484000.000,25464000.000,24964000.000,-50869000.000,24053000.000,23733000.000,23268000.000,22256000.000,21742000.000,21591000.000,-22202000.000,41778000.000,41225000.000,40739000.000,-82782000.000,39827000.000,39692000.000,39394000.000,-79455000.000,37931000.000,37203000.000,36989000.000,-74870000.000,36810000.000
