,2011-03-31,2011-06-30,2011-09-30,2011-12-31,2012-03-31,2012-06-30,2012-09-30,2012-12-31,2013-03-31,2013-06-30,2013-09-30,2013-12-31,2014-03-31,2014-06-30,2014-09-30,2014-12-31,2015-03-31,2015-06-30,2015-09-30,2015-12-31,2016-03-31
AccretionAmortizationOfDiscountsAndPremiumsInvestments,-17759000.000,,,,-30216000.000,,,,-42769000.000,,,,-29366000.000,,,,-29911000.000,,,,-22522000.000
AllocatedShareBasedCompensationExpense,,,,,,,,,,,,,,,,,,,,,36200000.000
AmortizationOfIntangibleAssets,8827000.000,9165000.000,9520000.000,8893000.000,8893000.000,8893000.000,8893000.000,5120000.000,7046000.000,7045000.000,7045000.000,6044000.000,7002000.000,7003000.000,7003000.000,6478000.000,6768000.000,6767000.000,6768000.000,6290000.000,6588000.000
AntidilutiveSecuritiesExcludedFromComputationOfEarningsPerShareAmount,,,,,2311200.000,1512600.000,1233300.000,-4502400.000,103000.000,,,,69100.000,149600.000,134470.000,-225841.000,119202.000,1154210.000,1168383.000,-2392384.000,
AssumedPremiumsWritten,1557561000.000,1082205000.000,1095326000.000,897962000.000,1567483000.000,1163243000.000,1056076000.000,931433000.000,1756886000.000,1340582000.000,1281477000.000,1190761000.000,1871740000.000,1462307000.000,1361280000.000,1236676000.000,1748933000.000,1432012000.000,1267961000.000,1098619000.000,1629009000.000
BenefitsLossesAndExpenses,1939795000.000,1170110000.000,1259086000.000,1427465000.000,909970000.000,1058390000.000,1086024000.000,1179378000.000,1028424000.000,1283280000.000,1162971000.000,1355539000.000,1144097000.000,1310711000.000,1400952000.000,1328768000.000,1127688000.000,1303552000.000,1607964000.000,1210984000.000,1166689000.000
CashAndCashEquivalentsPeriodIncreaseDecrease,-101347000.000,,,,-132028000.000,,,,165193000.000,,,,-227448000.000,,,,100331000.000,,,,172754000.000
CommonStockDividendsPerShareDeclared,0.550,0.600,0.600,0.600,0.620,0.620,0.620,0.620,0.640,0.640,0.640,0.640,0.670,0.670,0.670,0.670,0.700,0.700,0.700,0.700,
ComprehensiveIncomeNetOfTax,-769410000.000,128568000.000,126271000.000,-22420000.000,376237000.000,158044000.000,518871000.000,104603000.000,215303000.000,-187445000.000,347740000.000,265575000.000,294394000.000,288630000.000,198578000.000,251527000.000,242760000.000,-81913000.000,-267720000.000,162054000.000,235717000.000
ContributionsFromNoncontrollingInterests,,,,,,,,,36844000.000,,,,,,,,,,,,
CumulativeTranslationAdjustmentNetOfTaxPeriodIncreaseDecrease,,,,,,,,,,,,,,,,,-2504000.000,8101000.000,-39533000.000,,21123000.000
DeferredPolicyAcquisitionCostAmortizationExpense,207849000.000,229251000.000,262489000.000,238772000.000,211608000.000,232723000.000,247058000.000,245520000.000,234200000.000,241743000.000,282948000.000,318737000.000,264608000.000,302573000.000,321756000.000,324885000.000,275791000.000,283463000.000,346520000.000,311229000.000,282974000.000
DerivativeGainLossOnDerivativeNet,,,,,,,,,,,,,,-31606000.000,23850000.000,,-35307000.000,-17600000.000,-35554000.000,,
DividendsPreferredStock,8631000.000,8631000.000,14352000.000,15406000.000,15405000.000,15405000.000,15405000.000,15407000.000,14699000.000,14796000.000,14184000.000,14182000.000,14184000.000,14184000.000,14184000.000,14183000.000,14184000.000,14184000.000,14184000.000,14183000.000,14184000.000
EarningsPerShareBasic,-11.990,1.710,2.450,-0.570,5.270,2.520,7.620,1.640,3.600,-3.370,5.950,4.600,5.720,5.130,3.680,5.430,4.880,-2.160,-5.080,3.360,
EarningsPerShareDiluted,-11.990,1.690,2.430,-0.530,5.240,2.500,7.530,1.600,3.530,-3.370,5.840,4.580,5.610,5.020,3.600,5.280,4.760,-2.160,-5.080,3.450,
EffectOfExchangeRateOnCashAndCashEquivalents,18551000.000,,,,6989000.000,,,,-14439000.000,,,,-3239000.000,,,,-30362000.000,,,,6293000.000
FairValueAssetsMeasuredOnRecurringBasisChangeInUnrealizedGainLoss,,,,,,,,,,,11753000.000,,10787000.000,9898000.000,-7300000.000,4587000.000,2232000.000,-14875000.000,17802000.000,4471000.000,7892000.000
FairValueAssetsMeasuredOnRecurringBasisChangeInUnrealizedGainLossIncludedInInvestmentIncome,-42713000.000,-3019000.000,-4403000.000,46854000.000,10047000.000,4815000.000,14691000.000,-3284000.000,-6698000.000,-24395000.000,,,,,,,,,,,
FairValueMeasurementWithUnobservableInputsReconciliationRecurringBasisAssetGainLossIncludedInEarnings,-43540000.000,9368000.000,-4970000.000,-6800000.000,8097000.000,13478000.000,,,,,,,,,,,,,,,
FairValueMeasurementWithUnobservableInputsReconciliationRecurringBasisAssetGainLossIncludedInEarnings1,,,,,,,19226000.000,,-8292000.000,-21770000.000,18098000.000,-5373000.000,10519000.000,8336000.000,-7448000.000,4585000.000,683000.000,-14801000.000,19156000.000,-1808000.000,9072000.000
FairValueMeasurementWithUnobservableInputsReconciliationRecurringBasisAssetPurchases,,78480000.000,72837000.000,,81297000.000,52677000.000,175131000.000,148543000.000,47941000.000,145943000.000,150473000.000,127958000.000,69004000.000,89769000.000,46591000.000,83362000.000,304357000.000,56745000.000,108690000.000,68345000.000,74566000.000
FairValueMeasurementWithUnobservableInputsReconciliationRecurringBasisAssetSales,,-110187000.000,57185000.000,,80385000.000,43470000.000,59795000.000,,,,,,,,,,,0.000,,,
FairValueMeasurementWithUnobservableInputsReconciliationRecurringBasisAssetSettlements,,,,,,,,,37742000.000,26797000.000,70993000.000,397561000.000,72066000.000,41698000.000,62924000.000,70952000.000,46661000.000,346128000.000,94650000.000,56057000.000,32173000.000
FairValueMeasurementWithUnobservableInputsReconciliationRecurringBasisAssetTransfersNet,40180000.000,0.000,0.000,0.000,0.000,0.000,-6800000.000,0.000,0.000,0.000,0.000,0.000,0.000,0.000,0.000,0.000,0.000,0.000,0.000,0.000,0.000
FairValueOptionChangesInFairValueGainLoss,-136645000.000,107971000.000,46435000.000,-10383000.000,110258000.000,15317000.000,,,,,,,,,,,,,,,
FairValueOptionChangesInFairValueGainLoss1,,,,,,,212305000.000,,-32481000.000,-471078000.000,11482000.000,49480000.000,131902000.000,133012000.000,-110667000.000,75857000.000,74328000.000,-304859000.000,-116642000.000,-125322000.000,191609000.000
FinancingReceivableSignificantPurchases,,66000000.000,18500000.000,,0.000,37400000.000,200000.000,200000.000,200000.000,27000000.000,1900000.000,300000.000,0.000,2200000.000,,,,,,,
FinancingReceivableSignificantSales,,0.000,0.000,,0.000,0.000,0.000,0.000,0.000,0.000,0.000,0.000,0.000,0.000,,,,,,,
ForeignCurrencyTransactionGainLossBeforeTax,695000.000,8737000.000,10587000.000,14656000.000,-2589000.000,7770000.000,-2015000.000,-3341000.000,2043000.000,-10584000.000,-1279000.000,-8383000.000,670000.000,2023000.000,8206000.000,7302000.000,13147000.000,-6391000.000,-22413000.000,6196000.000,2074000.000
GainLossOnInvestments,-112199000.000,78199000.000,26139000.000,74553000.000,192735000.000,38132000.000,257429000.000,5113000.000,22943000.000,-299215000.000,16118000.000,99419000.000,142172000.000,165717000.000,-34420000.000,98327000.000,115645000.000,-255734000.000,-133017000.000,-24373000.000,167193000.000
GrossProfit,-751000000.000,64000000.000,150000000.000,-126000000.000,202000000.000,152000000.000,269000000.000,121000000.000,251000000.000,100000000.000,387000000.000,224000000.000,240000000.000,166000000.000,275000000.000,251000000.000,238000000.000,180000000.000,261000000.000,216000000.000,145000000.000
IncomeLossFromContinuingOperationsBeforeIncomeTaxesMinorityInterestAndIncomeLossFromEquityMethodInvestments,-833959000.000,175458000.000,226453000.000,-12899000.000,422237000.000,226780000.000,546506000.000,133321000.000,268830000.000,-245478000.000,401826000.000,283015000.000,369128000.000,347307000.000,241641000.000,334273000.000,331602000.000,-111032000.000,-208741000.000,168610000.000,250047000.000
IncomeLossFromEquityMethodInvestments,745000.000,-1188000.000,-4527000.000,-1402000.000,5078000.000,-498000.000,4349000.000,1025000.000,7215000.000,-3479000.000,5941000.000,3988000.000,6064000.000,4925000.000,5294000.000,-1013000.000,-3838000.000,8633000.000,-3231000.000,4811000.000,-3467000.000
IncomeTaxExpenseBenefit,-26258000.000,50085000.000,41803000.000,3342000.000,67174000.000,50136000.000,64149000.000,22825000.000,41675000.000,-74569000.000,70232000.000,11078000.000,62305000.000,78440000.000,45617000.000,53144000.000,79665000.000,-13844000.000,17170000.000,-3327000.000,30954000.000
IncomeTaxesPaid,42177000.000,,,,42386000.000,,,,46525000.000,,,,95871000.000,,,,42257000.000,,,,16019000.000
IncreaseDecreaseInDeferredPolicyAcquisitionCosts,51434000.000,,,,78286000.000,,,,92334000.000,,,,79315000.000,,,,76800000.000,,,,56386000.000
IncreaseDecreaseInOtherOperatingCapitalNet,-40029000.000,,,,-23650000.000,,,,-1831000.000,,,,35852000.000,,,,34992000.000,,,,-6741000.000
IncreaseDecreaseInUnearnedPremiums,405830000.000,,,,483456000.000,,,,489751000.000,,,,484712000.000,,,,418493000.000,,,,359002000.000
IncreaseDecreaseInUnearnedPremiumsNet,,,,,,,,,,,156694000.000,,-484712000.000,-65596000.000,213924000.000,225695000.000,-418493000.000,5522000.000,221737000.000,230864000.000,-359002000.000
InterestExpense,12300000.000,12214000.000,12216000.000,12219000.000,12220000.000,12223000.000,12224000.000,12228000.000,12229000.000,12232000.000,12233000.000,12235000.000,12238000.000,12240000.000,12241000.000,12244000.000,12245000.000,12248000.000,12249000.000,12246000.000,12259000.000
InterestPaid,0.000,,,,0.000,,,,0.000,,,,0.000,,,,0.000,,,,0.000
InvestmentIncomeNet,151633000.000,158328000.000,163647000.000,155540000.000,146896000.000,153506000.000,135266000.000,135670000.000,123704000.000,124503000.000,121811000.000,114349000.000,116867000.000,129967000.000,118176000.000,114686000.000,104631000.000,120192000.000,117054000.000,107907000.000,102987000.000
NetCashProvidedByUsedInFinancingActivities,-286382000.000,,,,-50347000.000,,,,-223973000.000,,,,-231736000.000,,,,-122829000.000,,,,-262987000.000
NetCashProvidedByUsedInFinancingActivitiesContinuingOperations,-286382000.000,,,,-50347000.000,,,,-223973000.000,,,,-231736000.000,,,,-122829000.000,,,,-262987000.000
NetCashProvidedByUsedInInvestingActivities,-319830000.000,,,,-167693000.000,,,,288943000.000,,,,-71214000.000,,,,114775000.000,,,,337791000.000
NetCashProvidedByUsedInInvestingActivitiesContinuingOperations,-319830000.000,,,,-167693000.000,,,,288943000.000,,,,-71214000.000,,,,114775000.000,,,,337791000.000
NetCashProvidedByUsedInOperatingActivities,486314000.000,,,,79023000.000,,,,114662000.000,,,,78741000.000,,,,138747000.000,,,,91657000.000
NetCashProvidedByUsedInOperatingActivitiesContinuingOperations,486314000.000,,,,79023000.000,,,,114662000.000,,,,78741000.000,,,,138747000.000,,,,91657000.000
NetIncomeLoss,-806956000.000,124185000.000,180123000.000,-17643000.000,360141000.000,176146000.000,486706000.000,111521000.000,234370000.000,-175571000.000,333423000.000,271786000.000,309843000.000,271841000.000,196398000.000,276892000.000,245917000.000,-88909000.000,-229137000.000,176510000.000,215626000.000
NetIncomeLossAttributableToNoncontrollingInterest,,,,,,,,,,1183000.000,4112000.000,,3044000.000,1951000.000,4920000.000,3224000.000,2182000.000,354000.000,-5000.000,238000.000,0.000
NetIncomeLossAvailableToCommonStockholdersBasic,-815587000.000,115554000.000,165771000.000,-33049000.000,344736000.000,160741000.000,471301000.000,96114000.000,210536000.000,-190367000.000,319239000.000,257604000.000,295659000.000,257657000.000,182214000.000,262709000.000,231733000.000,-103093000.000,-243321000.000,162327000.000,201442000.000
OtherComprehensiveIncomeDefinedBenefitPlansNetUnamortizedGainLossArisingDuringPeriodNetOfTax,,,,,,,,,996000.000,-130000.000,114000.000,8881000.000,-1000.000,-9000.000,989000.000,-13046000.000,-436000.000,-891000.000,1163000.000,-2121000.000,-829000.000
OtherComprehensiveIncomeForeignCurrencyTransactionAndTranslationGainLossArisingDuringPeriodNetOfTax,37781000.000,6303000.000,-54958000.000,-960000.000,17207000.000,-19157000.000,32992000.000,-2554000.000,-19830000.000,-11514000.000,14432000.000,-14866000.000,-15223000.000,17020000.000,1412000.000,-12101000.000,,,,,
OtherComprehensiveIncomeLossNetOfTaxPortionAttributableToParent,,,,,,,,,-19067000.000,-11874000.000,14317000.000,-6211000.000,-15449000.000,16789000.000,2180000.000,-25365000.000,-3157000.000,6996000.000,-38583000.000,-14456000.000,20091000.000
OtherComprehensiveIncomeLossTax,,,,,6780000.000,6449000.000,,,,,,,,,,,,,,,
OtherComprehensiveIncomeUnrealizedGainLossOnDerivativesArisingDuringPeriodNetOfTax,,,,,,,,,-233000.000,-230000.000,-229000.000,-226000.000,-225000.000,-222000.000,-221000.000,-218000.000,-217000.000,-214000.000,-213000.000,-216000.000,-203000.000
OtherComprehensiveIncomeUnrealizedGainLossOnDerivativesArisingDuringPeriodTax,,,,,,,,,0.000,,,,,,,,,,,,
OtherExpenses,104297000.000,113694000.000,103822000.000,113033000.000,98174000.000,106184000.000,94697000.000,112319000.000,116040000.000,144833000.000,108467000.000,131126000.000,111462000.000,107072000.000,108615000.000,122539000.000,124750000.000,129766000.000,415818000.000,120389000.000,152674000.000
OtherIncome,1813000.000,1596000.000,1434000.000,3072000.000,2746000.000,2654000.000,2744000.000,3776000.000,3927000.000,3878000.000,5399000.000,3361000.000,404000.000,9265000.000,2223000.000,4298000.000,4292000.000,236000.000,3056000.000,1560000.000,4840000.000
PaymentsForProceedsFromOtherInvestingActivities,-20753000.000,,,,-41224000.000,,,,-43337000.000,,,,-13295000.000,,,,573000.000,,,,49036000.000
PaymentsForRepurchaseOfCommonStock,244222000.000,,,,0.000,,,,175211000.000,,,,180383000.000,,,,71376000.000,,,,0.000
PaymentsForRepurchaseOfRedeemablePreferredStock,,,,,,,,,290000000.000,,,,0.000,,,,,,,,
PaymentsOfDividends,,,,,,,,,,,,,48772000.000,,,,47369000.000,,,,200614000.000
PaymentsOfOrdinaryDividends,45776000.000,,,,55948000.000,,,,52064000.000,,,,,,,,,,,,
PaymentsToAcquireShortTermInvestments,55797000.000,,,,32168000.000,,,,64147000.000,,,,31141000.000,,,,7391000.000,,,,31425000.000
PolicyholderBenefitsAndClaimsIncurredNet,1607217000.000,814523000.000,881626000.000,1069204000.000,576486000.000,706137000.000,721137000.000,800850000.000,660952000.000,866843000.000,750999000.000,879014000.000,749457000.000,883846000.000,959543000.000,869924000.000,721281000.000,864917000.000,804196000.000,767026000.000,714268000.000
PremiumsEarnedNet,1064589000.000,1107445000.000,1294319000.000,1181401000.000,989830000.000,1090878000.000,1237091000.000,1168140000.000,1146680000.000,1208636000.000,1421469000.000,1421425000.000,1253782000.000,1353069000.000,1556614000.000,1445730000.000,1234722000.000,1327826000.000,1412130000.000,1294500000.000,1141716000.000
PremiumsWrittenNet,1470419000.000,1056467000.000,1079557000.000,879886000.000,1473286000.000,1136046000.000,1043240000.000,920288000.000,1636431000.000,1309318000.000,1264775000.000,1186002000.000,1738494000.000,1418665000.000,1342690000.000,1220035000.000,1653215000.000,1322304000.000,1190393000.000,1063636000.000,1500718000.000
ProceedsFromIssuanceOfSeniorLongTermDebt,0.000,,,,,,,,,,,,,,,,,,,,
ProceedsFromIssuanceOrSaleOfEquity,3616000.000,,,,5601000.000,,,,15193000.000,,,,-2581000.000,,,,,,,,
ProceedsFromMaturitiesRepaymentsAndCallsOfTradingSecuritiesHeldforinvestment,,,,,311062000.000,,,,259798000.000,,,,180311000.000,,,,161229000.000,,,,160065000.000
ProceedsFromMinorityShareholders,,,,,,,,,,,,,0.000,,,,,,,,
ProceedsFromPaymentsForOtherFinancingActivities,0.000,,,,,,,,,,,,,,,,,,,,
ProceedsFromSaleOfShortTermInvestments,26787000.000,,,,36132000.000,,,,99769000.000,,,,15830000.000,,,,12692000.000,,,,44496000.000
ProfitLoss,,,,,,,,,,-174388000.000,337535000.000,,312887000.000,273792000.000,201318000.000,280116000.000,248099000.000,-88555000.000,-229142000.000,176748000.000,215626000.000
RestructuringAndRelatedCostIncurredCost,,,,,,,,,,,2400000.000,,,,,,,,,,
RestructuringCharges,,,,,,,,,,43200000.000,,,,,,,,,,,
Revenues,1105836000.000,1345568000.000,1485539000.000,1414566000.000,1332207000.000,1285170000.000,1632530000.000,1312699000.000,1297254000.000,1037802000.000,1564797000.000,1638554000.000,1513225000.000,1658018000.000,1642593000.000,1663041000.000,1459290000.000,1192520000.000,1399223000.000,1379594000.000,1416736000.000
SalesRevenueNet,1104023000.000,1343972000.000,1484105000.000,1411494000.000,1329461000.000,1282516000.000,1629786000.000,1308923000.000,1293327000.000,1033924000.000,1559398000.000,1635193000.000,1512821000.000,1648753000.000,1640370000.000,1658743000.000,1454998000.000,1192284000.000,1396167000.000,1378034000.000,1411896000.000
ShareBasedCompensationArrangementByShareBasedPaymentAwardOptionsOtherIncreasesDecreasesInPeriod,,,,,,,,,,,,,,,,,,,,,-251921.000
StockIssuedDuringPeriodSharesStockOptionsExercised,,,,,,,,,,,,,,,,,,,,,15997.000
WeightedAverageNumberDilutedSharesOutstandingAdjustment,0.000,814200.000,438700.000,-1252900.000,438600.000,607000.000,769500.000,-1115400.000,1166146.000,0.000,953906.000,-1050927.000,1075396.000,1087545.000,,,,,,,
WeightedAverageNumberOfDilutedSharesOutstanding,67997426.000,68442300.000,68181982.000,-137062976.000,65842819.000,64423036.000,62606761.000,-129256868.000,59590044.000,56485882.000,54625151.000,-114252972.000,52727573.000,51328761.000,50681325.000,-103563434.000,48710228.000,47773371.000,47866040.000,-95409769.000,
WeightedAverageNumberOfSharesOutstandingBasic,67997426.000,67628052.000,67743296.000,-135810042.000,65404227.000,63816027.000,61837328.000,-128141590.000,58423898.000,56485882.000,53671245.000,-113202045.000,51652177.000,50241216.000,49514980.000,-101388893.000,47525344.000,47773371.000,47866040.000,-95393082.000,
