,2011-04-30,2011-07-30,2011-10-29,2012-01-28,2012-04-28,2012-07-28,2012-10-27,2013-05-04,2013-08-03,2013-11-02,2014-02-01,2014-05-03,2014-08-02,2014-11-01,2015-01-31,2015-05-02,2015-08-01,2015-10-31,2016-01-30,2016-04-30,2016-07-30,2016-10-29,2017-01-28,2017-04-29
AdjustmentsNoncashItemsToReconcileNetIncomeLossToCashProvidedByUsedInOperatingActivitiesOther,-158000.000,,,,,,,,,,,,,,,,,,,,,,,
AdjustmentsToAdditionalPaidInCapitalSharebasedCompensationRequisiteServicePeriodRecognitionValue,,,,,4802000.000,,,,,,,,,,,3612000.000,,,,4232000.000,,,,3963000.000
AllocatedShareBasedCompensationExpense,,6960000.000,7138000.000,,4802000.000,3841000.000,4019000.000,2248000.000,3751000.000,3845000.000,4105000.000,3457000.000,4156000.000,3761000.000,3968000.000,3612000.000,4440000.000,5275000.000,5553000.000,4232000.000,4817000.000,3719000.000,4140000.000,3963000.000
AmortizationOfIntangibleAssets,634000.000,,,,474000.000,,,598000.000,,,,637000.000,,,,541000.000,,,,465000.000,,,,425000.000
AmountOfDilutiveSecuritiesStockOptionsAndRestrictiveStockUnits,,512000.000,549000.000,,-169000.000,-298000.000,-323000.000,89000.000,351000.000,290000.000,513000.000,147000.000,,,,,,,,,,,,
AntidilutiveSecuritiesExcludedFromComputationOfEarningsPerShareAmount,,821104.000,1069973.000,,1205081.000,1541867.000,1415864.000,1353455.000,1061684.000,1037751.000,-2200963.000,1213896.000,1666111.000,1633245.000,-2961741.000,2124253.000,2525300.000,2357138.000,-4269118.000,3022961.000,3426266.000,3463100.000,-6658068.000,3779542.000
CashAndCashEquivalentsPeriodIncreaseDecrease,-263000.000,,,,,,,,,,,,,,,-24355000.000,,,,-17995000.000,,,,
CommonStockDividendsPerShareDeclared,0.200,0.200,0.200,0.200,0.200,0.200,0.200,0.200,0.200,0.200,0.200,0.225,0.225,0.225,0.225,0.225,0.225,0.225,0.225,0.225,0.225,0.225,0.225,0.225
ComprehensiveIncomeNetOfTax,84097000.000,50346000.000,58614000.000,57824000.000,27325000.000,8964000.000,61464000.000,-10824000.000,45440000.000,44343000.000,63135000.000,18233000.000,4647000.000,-21214000.000,-20360000.000,443000.000,5448000.000,13009000.000,31962000.000,6340000.000,21591000.000,-666000.000,-7839000.000,-10196000.000
ComprehensiveIncomeNetOfTaxAttributableToNoncontrollingInterest,1944000.000,795000.000,-660000.000,3187000.000,569000.000,-471000.000,1135000.000,1536000.000,276000.000,474000.000,1187000.000,315000.000,34000.000,243000.000,-119000.000,282000.000,-46000.000,555000.000,512000.000,545000.000,-1327000.000,326000.000,1036000.000,1428000.000
ComprehensiveIncomeNetOfTaxIncludingPortionAttributableToNoncontrollingInterest,86041000.000,51141000.000,57954000.000,61011000.000,27894000.000,8493000.000,62599000.000,-9288000.000,45716000.000,44817000.000,64322000.000,18548000.000,4681000.000,-20971000.000,-20479000.000,725000.000,5402000.000,13564000.000,32474000.000,6885000.000,20264000.000,-340000.000,-6803000.000,-8768000.000
CostOfGoodsSold,343024000.000,377305000.000,365337000.000,438097000.000,344190000.000,383833000.000,381219000.000,351488000.000,390480000.000,385270000.000,466414000.000,346310000.000,391794000.000,375876000.000,435808000.000,313339000.000,348147000.000,337300000.000,418095000.000,306056000.000,359327000.000,356079000.000,442866000.000,313939000.000
DefinedBenefitPlanAmortizationOfGainsLosses,,-545000.000,-458000.000,,-835000.000,-835000.000,-835000.000,-277000.000,-277000.000,-277000.000,-277000.000,-234000.000,-235000.000,-234000.000,,,,,,,,,,-117000.000
DefinedBenefitPlanAmortizationOfPriorServiceCostCredit,,242000.000,155000.000,,155000.000,155000.000,155000.000,155000.000,156000.000,-58000.000,-59000.000,-58000.000,-58000.000,-58000.000,,,,,,,,,,-7000.000
DefinedBenefitPlanBenefitsPaid,,,,,,,,,,,,,300000.000,600000.000,,,,,,,,,,
DefinedBenefitPlanExpectedReturnOnPlanAssets,,,,,,,,,,,,,,,,,,,,,,,,49000.000
DefinedBenefitPlanInterestCost,,659000.000,662000.000,,598000.000,598000.000,598000.000,586000.000,586000.000,586000.000,587000.000,572000.000,572000.000,573000.000,,,,,,,,,,483000.000
DefinedBenefitPlanNetPeriodicBenefitCost,,2688000.000,1275000.000,,1588000.000,1588000.000,1588000.000,1018000.000,1019000.000,805000.000,805000.000,748000.000,749000.000,749000.000,,,,,,,,,,1035000.000
DefinedBenefitPlanRecognizedNetGainLossDueToCurtailments,,-1242000.000,,,,,,,,,,,,,,,,,,,,,,
DefinedBenefitPlanServiceCost,,,,,,,,,,,,,,,,,,,,,,,,491000.000
Depreciation,19260000.000,,,,20247000.000,,,21910000.000,,,,20759000.000,,,,17789000.000,,,,16215000.000,,,,14586000.000
DividendsCommonStock,,,,,17988000.000,,,,,,,,,,,,,,,,,,,
DividendsCommonStockCash,,,,,,,,,,,,,,,,19286000.000,,,,19137000.000,,,,19041000.000
EarningsPerShareBasic,0.460,0.650,0.710,1.060,0.300,0.490,0.430,0.120,0.470,0.400,0.820,-0.030,0.260,0.240,0.640,0.040,0.210,0.150,0.570,-0.300,0.380,0.110,0.080,-0.260
EarningsPerShareDiluted,0.460,0.650,0.710,1.040,0.300,0.490,0.430,0.120,0.470,0.400,0.810,-0.030,0.260,0.240,0.640,0.040,0.210,0.150,0.560,-0.300,0.380,0.110,0.080,-0.260
EffectOfExchangeRateOnCashAndCashEquivalents,15392000.000,,,,,,,,,,,,,,,-31000.000,,,,,,,,
EffectOfExchangeRateOnCashAndCashEquivalentsContinuingOperations,,,,,761000.000,,,-6340000.000,,,,8975000.000,,,,,,,,19003000.000,,,,
EffectiveIncomeTaxRateContinuingOperations,,,,,0.320,,,0.330,,,,0.320,,,,0.415,,,,0.160,,,,0.062
ExcessTaxBenefitFromShareBasedCompensationFinancingActivities,913000.000,,,,18000.000,,,2000.000,,,,95000.000,,,,34000.000,,,,133000.000,,,,
ForeignCurrencyTransactionGainLossUnrealized,-13758000.000,,,,-1465000.000,,,2409000.000,,,,-2160000.000,,,,-490000.000,,,,-4708000.000,,,,-360000.000
GainLossOnDispositionOfAssets,,,,,,,,,,,,,,,,,,,,,,,,-3458000.000
GainLossOnDispositionOfAssets1,,,,,,,,,,,,,,,,940000.000,,,,-178000.000,,,,
GainLossOnForeignCurrencyDerivativeInstrumentsNotDesignatedAsHedgingInstruments,,3270000.000,6401000.000,,-2254000.000,,,,,,,,,,,,,,,,,,,
GainLossOnInterestRateCashFlowHedgeIneffectiveness,,,,,,,,,,,,,,,,,,,,0.000,0.000,0.000,0.000,0.000
GainLossOnInterestRateDerivativeInstrumentsNotDesignatedAsHedgingInstruments,,-163000.000,-89000.000,,19000.000,,,,,,,,,,,,,,,,,,,
GainLossOnSaleOfPropertyPlantEquipment,-1150000.000,,,,-81000.000,,,-1348000.000,,,,-910000.000,,,,,,,,,,,,
GrossProfit,249220000.000,299854000.000,277466000.000,337745000.000,235076000.000,251560000.000,247609000.000,197426000.000,248532000.000,228227000.000,301949000.000,176231000.000,216777000.000,213958000.000,260919000.000,165485000.000,198117000.000,183664000.000,240164000.000,142759000.000,185632000.000,180242000.000,236407000.000,144642000.000
ImpairmentOfLongLivedAssetsHeldForUse,,,,,,,3600000.000,1000000.000,,,,,,,,,,,,,,,,2762000.000
IncomeLossFromContinuingOperationsBeforeIncomeTaxesExtraordinaryItemsNoncontrollingInterest,,,,,,,,16567000.000,60751000.000,51958000.000,103683000.000,-3216000.000,34172000.000,32104000.000,79948000.000,6816000.000,29419000.000,21066000.000,69978000.000,-29945000.000,42760000.000,15609000.000,25186000.000,-22630000.000
IncomeLossFromContinuingOperationsBeforeIncomeTaxesMinorityInterestAndIncomeLossFromEquityMethodInvestments,61821000.000,96344000.000,98723000.000,142453000.000,40019000.000,63161000.000,57448000.000,,,,,,,,,,,,,,,,,
IncomeTaxExpenseBenefit,18237000.000,34534000.000,31877000.000,44043000.000,12806000.000,20212000.000,19989000.000,5467000.000,20048000.000,17147000.000,32586000.000,-1029000.000,11900000.000,10594000.000,24359000.000,2829000.000,10940000.000,8005000.000,20690000.000,-4791000.000,10593000.000,5880000.000,16530000.000,-1403000.000
IncomeTaxesPaidNet,9063000.000,,,,6137000.000,,,11045000.000,,,,17434000.000,,,,1258000.000,,,,5335000.000,,,,3729000.000
IncreaseDecreaseInAccountsPayableAndAccruedLiabilities,-40885000.000,,,,-32387000.000,,,-33241000.000,,,,-60103000.000,,,,-22815000.000,,,,-29112000.000,,,,-18855000.000
IncreaseDecreaseInInventories,-4442000.000,,,,6204000.000,,,12443000.000,,,,18119000.000,,,,7027000.000,,,,33973000.000,,,,32906000.000
IncreaseDecreaseInOtherNoncurrentLiabilities,,,,,,,,,,,,,,,,,,,,-2043000.000,,,,-2374000.000
IncreaseDecreaseInOtherOperatingLiabilities,886000.000,,,,6968000.000,,,-2500000.000,,,,-2891000.000,,,,-5452000.000,,,,,,,,
IncreaseDecreaseInPrepaidDeferredExpenseAndOtherAssets,5152000.000,,,,-5911000.000,,,9292000.000,,,,9411000.000,,,,973000.000,,,,10543000.000,,,,9428000.000
IncreaseDecreaseInReceivables,-2663000.000,,,,-5629000.000,,,-56840000.000,,,,-63851000.000,,,,-24038000.000,,,,-44957000.000,,,,-32480000.000
IncrementalCommonSharesAttributableToShareBasedPaymentArrangements,,504000.000,327000.000,,320000.000,265000.000,294000.000,196000.000,267000.000,268000.000,-480000.000,0.000,226000.000,208000.000,-201000.000,134000.000,286000.000,388000.000,-547000.000,0.000,242000.000,159000.000,-238000.000,0.000
InterestExpense,405000.000,359000.000,775000.000,463000.000,384000.000,397000.000,424000.000,549000.000,365000.000,428000.000,581000.000,525000.000,772000.000,596000.000,477000.000,435000.000,729000.000,292000.000,497000.000,520000.000,458000.000,500000.000,419000.000,414000.000
InterestPaidNet,267000.000,,,,181000.000,,,237000.000,,,,229000.000,,,,232000.000,,,,310000.000,,,,270000.000
InvestmentIncomeInterest,1295000.000,477000.000,661000.000,714000.000,694000.000,815000.000,,334000.000,475000.000,803000.000,403000.000,405000.000,320000.000,351000.000,362000.000,272000.000,239000.000,273000.000,261000.000,651000.000,251000.000,861000.000,127000.000,871000.000
LifeInsuranceCorporateOrBankOwnedChangeInValue,,-1100000.000,-700000.000,,1200000.000,-500000.000,900000.000,1500000.000,1100000.000,1300000.000,,,,,,,,,,,,,,
MinorityInterestChangeInRedemptionValue,,,,,-2023000.000,,,,,,,,,,,235000.000,,,,-670000.000,,,,
MinorityInterestDecreaseFromDistributionsToNoncontrollingInterestHolders,,,,,,,,,,,,,,,,3830000.000,,,,,,,,
MinorityInterestIncreaseFromStockIssuance,,,,,1279000.000,,,,,,,,,,,,,,,,,,,
NetCashProvidedByUsedInContinuingOperations,,,,,-11452000.000,,,-22584000.000,,,,-30482000.000,,,,,,,,,,,,
NetCashProvidedByUsedInFinancingActivities,-19409000.000,,,,-17482000.000,,,-37850000.000,,,,-22118000.000,,,,-22924000.000,,,,3932000.000,,,,-35960000.000
NetCashProvidedByUsedInFinancingActivitiesContinuingOperations,-19409000.000,,,,-17482000.000,,,-37850000.000,,,,-22118000.000,,,,-22924000.000,,,,3932000.000,,,,-35960000.000
NetCashProvidedByUsedInInvestingActivities,-44081000.000,,,,-31384000.000,,,-10131000.000,,,,-17106000.000,,,,-10535000.000,,,,-10086000.000,,,,-19234000.000
NetCashProvidedByUsedInInvestingActivitiesContinuingOperations,-44081000.000,,,,-31384000.000,,,-10131000.000,,,,-17106000.000,,,,-10535000.000,,,,-10086000.000,,,,-19234000.000
NetCashProvidedByUsedInOperatingActivities,47835000.000,,,,36653000.000,,,31737000.000,,,,-233000.000,,,,9135000.000,,,,-30844000.000,,,,-29947000.000
NetCashProvidedByUsedInOperatingActivitiesContinuingOperations,47835000.000,,,,36653000.000,,,31737000.000,,,,-233000.000,,,,9135000.000,,,,-30844000.000,,,,-29947000.000
NetIncomeLoss,42682000.000,60657000.000,66295000.000,95866000.000,26646000.000,42899000.000,36647000.000,9916000.000,39866000.000,34020000.000,69632000.000,-2101000.000,21954000.000,20788000.000,53929000.000,3341000.000,18289000.000,12444000.000,47777000.000,-25178000.000,32269000.000,9103000.000,6567000.000,-21293000.000
NetIncomeLossAttributableToNoncontrollingInterest,902000.000,1153000.000,551000.000,2544000.000,567000.000,50000.000,812000.000,1184000.000,837000.000,791000.000,1465000.000,-86000.000,318000.000,722000.000,1660000.000,646000.000,190000.000,617000.000,1511000.000,24000.000,-102000.000,626000.000,2089000.000,66000.000
NetIncomeLossAvailableToCommonStockholdersBasic,,,,,,,,,,,,,21787000.000,20653000.000,,3257000.000,18146000.000,12307000.000,47609000.000,-25328000.000,32029000.000,8977000.000,6556000.000,-21493000.000
NetIncomeLossAvailableToCommonStockholdersDiluted,,60145000.000,65746000.000,,26477000.000,42601000.000,36324000.000,9827000.000,39515000.000,33730000.000,69119000.000,-2248000.000,,,,,,,,,,,,
NoncontrollingInterestIncreaseFromSubsidiaryEquityIssuance,,,,,,,,,,,,,,,,,,,,0.000,,,,11000.000
NonoperatingIncomeExpense,-9112000.000,2815000.000,1754000.000,6649000.000,878000.000,5860000.000,-669000.000,5242000.000,-29000.000,3999000.000,1160000.000,-1239000.000,4314000.000,7239000.000,6782000.000,2463000.000,3218000.000,228000.000,20000.000,-967000.000,27183000.000,486000.000,4200000.000,2889000.000
OciBeforeReclassificationsNetOfTaxAttributableToParent,,,,,,,,,,,,,,,,,,,,32603000.000,-9856000.000,-9253000.000,-14173000.000,11584000.000
OperatingIncomeLoss,70933000.000,93529000.000,96969000.000,135804000.000,39141000.000,57301000.000,58117000.000,11325000.000,60780000.000,47959000.000,102523000.000,-1977000.000,29858000.000,24865000.000,73166000.000,4353000.000,26201000.000,20838000.000,69958000.000,-28978000.000,15577000.000,15123000.000,20986000.000,-25519000.000
OtherComprehensiveIncomeAmortizationOfDefinedBenefitPlanNetPriorServiceCostCreditRecognizedInNetPeriodicBenefitCostBeforeTax,,,,,155000.000,155000.000,155000.000,,,,,,,,,,,,,,,,,
OtherComprehensiveIncomeAvailableForSaleSecuritiesAdjustmentNetOfTaxPeriodIncreaseDecrease,,-42000.000,-265000.000,,143000.000,,,,,,,,,,,,,,,,,,,
OtherComprehensiveIncomeAvailableForSaleSecuritiesTax,,,,,-89000.000,52000.000,-83000.000,,,,,,,,,,,,,,,,,
OtherComprehensiveIncomeDefinedBenefitPlanNetPriorServiceCostCreditArisingDuringPeriodBeforeTax,,,,,,,,,-4529000.000,0.000,,,0.000,0.000,,,,,,,,,,
OtherComprehensiveIncomeDefinedBenefitPlansAdjustmentNetOfTaxPeriodIncreaseDecrease,641000.000,324000.000,378000.000,-4398000.000,612000.000,,,,,,,,,,,,,,,,,,,
OtherComprehensiveIncomeDefinedBenefitPlansTax,,,,,-378000.000,-378000.000,-378000.000,,,,,,,,,,,,,,,,,
OtherComprehensiveIncomeDerivativesQualifyingAsHedgesNetOfTaxPeriodIncreaseDecrease,,4174000.000,6086000.000,,-2794000.000,,,,,,,,,,,,,,,,,,,
OtherComprehensiveIncomeDerivativesQualifyingAsHedgesTaxEffectPeriodIncreaseDecrease,,,,,701000.000,-954000.000,672000.000,,,,,,,,,,,,,,,,,
OtherComprehensiveIncomeForeignCurrencyTransactionAndTranslationAdjustmentNetOfTaxPeriodIncreaseDecrease,49733000.000,-15125000.000,-15091000.000,-36970000.000,2720000.000,-41513000.000,29755000.000,,,,,,,,,,,,,,,,,
OtherComprehensiveIncomeForeignCurrencyTransactionAndTranslationAdjustmentNetOfTaxPortionAttributableToNoncontrollingInterest,,,,,2000.000,-521000.000,323000.000,352000.000,-561000.000,-317000.000,-278000.000,401000.000,-284000.000,-479000.000,-1779000.000,-364000.000,-236000.000,-62000.000,-999000.000,521000.000,-1225000.000,-300000.000,-1053000.000,1362000.000
OtherComprehensiveIncomeForeignCurrencyTransactionAndTranslationGainLossArisingDuringPeriodNetOfTax,,,,,,,,,,,,22250000.000,-19708000.000,-47100000.000,-72149000.000,-703000.000,-20933000.000,2230000.000,-18338000.000,43152000.000,-15722000.000,-12900000.000,-17162000.000,12835000.000
OtherComprehensiveIncomeForeignCurrencyTransactionAndTranslationGainLossBeforeReclassificationAndTax,,,,,,,,-32011000.000,2504000.000,15357000.000,,,,,,,,,,,,,,
OtherComprehensiveIncomeForeignCurrencyTranslationGainLossArisingDuringPeriodTax,,,,,,,,-7597000.000,114000.000,3948000.000,,,,,,,,,,,,,,
OtherComprehensiveIncomeLossAmortizationAdjustmentFromAOCIPensionAndOtherPostretirementBenefitPlansForNetPriorServiceCostCreditBeforeTax,,,,,,,,,,,,-58000.000,-58000.000,-58000.000,-59000.000,-58000.000,-39000.000,0.000,0.000,-7000.000,-7000.000,-7000.000,-7000.000,-7000.000
OtherComprehensiveIncomeLossAmortizationPensionAndOtherPostretirementBenefitPlansNetPriorServiceCostRecognizedInNetPeriodicBenefitCostBeforeTax,,,,,,,,-155000.000,-156000.000,58000.000,,,,,,,,,,,,,,
OtherComprehensiveIncomeLossAvailableForSaleSecuritiesAdjustmentNetOfTax,,,,,,,,,,,,,,,,-4000.000,,,,1000.000,,,,
OtherComprehensiveIncomeLossAvailableForSaleSecuritiesTax,,,,,,,,,,,,,,,,-3000.000,,,,,,,,
OtherComprehensiveIncomeLossBeforeReclassificationsNetOfTax,,,,,,,,,,,,19775000.000,-18097000.000,-42824000.000,-73094000.000,-1269000.000,-9091000.000,2621000.000,,,,,,
OtherComprehensiveIncomeLossDerivativesQualifyingAsHedgesNetOfTax,,,,,,,,,,,,,,,,-2861000.000,,,,-11025000.000,,,,-452000.000
OtherComprehensiveIncomeLossDerivativesQualifyingAsHedgesTax,,,,,,,,,,,,,,,,-670000.000,,,,-2634000.000,,,,237000.000
OtherComprehensiveIncomeLossFinalizationOfPensionAndNonPensionPostretirementPlanValuationBeforeTax,,,,,,,,,,,,,,,,,-1651000.000,0.000,,,,,,
OtherComprehensiveIncomeLossForeignCurrencyTransactionAndTranslationAdjustmentNetOfTax,,,,,,,,,,,,,,,,-703000.000,,,,43152000.000,,,,12835000.000
OtherComprehensiveIncomeLossForeignCurrencyTransactionAndTranslationReclassificationAdjustmentFromAOCIRealizedUponSaleOrLiquidationNetOfTax,,,,,,,,,,,,,,0.000,,,,,,,,,,
OtherComprehensiveIncomeLossForeignCurrencyTransactionAndTranslationReclassificationAdjustmentRealizedUponSaleOrLiquidationBeforeTax,,,,,,,,,,217000.000,,,,,,,,,,,,,,
OtherComprehensiveIncomeLossForeignCurrencyTranslationReclassificationAdjustmentRealizedUponSaleOrLiquidationTax,,,,,,,,,,37000.000,,,,,,,,,,,,,,
OtherComprehensiveIncomeLossNetOfTax,,,,,,,,-20740000.000,5574000.000,10323000.000,-6497000.000,20334000.000,-17307000.000,-42002000.000,-74289000.000,-2898000.000,-12841000.000,565000.000,,,,,,
OtherComprehensiveIncomeLossNetOfTaxPortionAttributableToParent,,,,,,,,,,,,,,,,,,,,31518000.000,-10678000.000,-9769000.000,-14406000.000,11097000.000
OtherComprehensiveIncomeLossPensionAndOtherPostretirementBenefitPlansAdjustmentNetOfTax,,,,,,,,,,,,,,,,-306000.000,,,,89000.000,,,,-76000.000
OtherComprehensiveIncomeLossPensionAndOtherPostretirementBenefitPlansBeforeReclassificationAdjustmentsTax,,,,,,,,,-1733000.000,0.000,,,0.000,0.000,,,-4352000.000,0.000,,15000.000,-2000.000,-5000.000,87000.000,1000.000
OtherComprehensiveIncomeLossPensionAndOtherPostretirementBenefitPlansNetUnamortizedGainLossArisingDuringPeriodBeforeTax,,,,,,,,,,,,,,,,,11378000.000,0.000,,,0.000,0.000,,
OtherComprehensiveIncomeLossPensionAndOtherPostretirementBenefitPlansTax,,,,,,,,-165000.000,-165000.000,-84000.000,-2549000.000,,,,,-149000.000,,,,-4000.000,,,,-20000.000
OtherComprehensiveIncomeLossReclassificationAdjustmentFromAOCIForSaleOfSecuritiesBeforeTax,,,,,,,,,,,,87000.000,0.000,0.000,0.000,0.000,0.000,0.000,0.000,,,,,
OtherComprehensiveIncomeLossReclassificationAdjustmentFromAOCIForSaleOfSecuritiesTax,,,,,,,,,,,,33000.000,0.000,0.000,0.000,0.000,0.000,0.000,0.000,,,,,
OtherComprehensiveIncomeLossReclassificationAdjustmentFromAOCIForWritedownOfSecuritiesBeforeTax,,,,,,,,,,,,,,,,,,,,,,25000.000,,
OtherComprehensiveIncomeLossReclassificationAdjustmentFromAOCIForWritedownOfSecuritiesTax,,,,,,,,,,,,,,,,,,,,,,9000.000,,
OtherComprehensiveIncomeLossReclassificationAdjustmentFromAOCIOnDerivativesBeforeTax,,,,,,,,,,,,-525000.000,-290000.000,-800000.000,1508000.000,2236000.000,3523000.000,2467000.000,921000.000,1416000.000,1131000.000,727000.000,329000.000,661000.000
OtherComprehensiveIncomeLossReclassificationAdjustmentFromAOCIOnDerivativesNetOfTax,,,,,,,,,,,,-504000.000,-681000.000,-713000.000,1362000.000,1935000.000,3012000.000,2158000.000,744000.000,1145000.000,881000.000,593000.000,292000.000,576000.000
OtherComprehensiveIncomeLossReclassificationAdjustmentFromAOCIOnDerivativesTax,,,,,,,,,,,,-21000.000,391000.000,-87000.000,146000.000,301000.000,511000.000,309000.000,177000.000,271000.000,250000.000,134000.000,37000.000,85000.000
OtherComprehensiveIncomeLossReclassificationAdjustmentFromAOCIPensionAndOtherPostretirementBenefitPlansForNetGainLossBeforeTax,,,,,,,,,,,,-234000.000,-235000.000,-234000.000,-299000.000,-513000.000,-430000.000,-116000.000,135000.000,-86000.000,-85000.000,-86000.000,-84000.000,-117000.000
OtherComprehensiveIncomeLossReclassificationAdjustmentFromAOCIPensionAndOtherPostretirementBenefitPlansTax,,,,,,,,,,,,67000.000,68000.000,67000.000,73000.000,149000.000,-522000.000,14000.000,-8000.000,19000.000,19000.000,18000.000,18000.000,21000.000
OtherComprehensiveIncomeLossReclassificationAdjustmentOnDerivativesIncludedInNetIncomeBeforeTax,,,,,,,,-458000.000,-508000.000,-1348000.000,,,,,,,,,,,,,,
OtherComprehensiveIncomeLossReclassificationAdjustmentOnDerivativesIncludedInNetIncomeNetOfTax,,,,,,,,388000.000,424000.000,1086000.000,,,,,,,,,,,,,,
OtherComprehensiveIncomeLossReclassificationAdjustmentOnDerivativesIncludedInNetIncomeTax,,,,,,,,-70000.000,-84000.000,-262000.000,,,,,,,,,,,,,,
OtherComprehensiveIncomeReclassificationAdjustmentOnDerivativesIncludedInNetIncomeNetOfTax,,-670000.000,-3027000.000,,2300000.000,733000.000,3471000.000,,,,,,,,,,,,,,,,,
OtherComprehensiveIncomeReclassificationOfDefinedBenefitPlansNetGainLossRecognizedInNetPeriodicBenefitCostBeforeTax,,,,,835000.000,835000.000,835000.000,277000.000,277000.000,277000.000,,,,,,,,,,,,,,
OtherComprehensiveIncomeUnrealizedGainLossOnDerivativesArisingDuringPeriodBeforeTax,,,,,-3495000.000,7482000.000,-6035000.000,4670000.000,227000.000,-711000.000,779000.000,-2679000.000,1867000.000,4356000.000,4340000.000,-1295000.000,5721000.000,409000.000,4966000.000,-12243000.000,5420000.000,4181000.000,3529000.000,446000.000
OtherComprehensiveIncomeUnrealizedGainLossOnDerivativesArisingDuringPeriodNetOfTax,-8004000.000,3504000.000,3059000.000,2103000.000,-494000.000,7261000.000,-1892000.000,4088000.000,64000.000,-657000.000,597000.000,-2058000.000,1352000.000,3805000.000,3635000.000,-926000.000,4584000.000,330000.000,3956000.000,-9880000.000,4617000.000,3305000.000,3017000.000,124000.000
OtherComprehensiveIncomeUnrealizedGainLossOnDerivativesArisingDuringPeriodTax,,,,,-701000.000,,,582000.000,163000.000,-54000.000,182000.000,-621000.000,515000.000,551000.000,705000.000,-369000.000,1137000.000,79000.000,1010000.000,-2363000.000,803000.000,876000.000,512000.000,322000.000
OtherComprehensiveIncomeUnrealizedHoldingGainLossOnSecuritiesArisingDuringPeriodBeforeTax,,,,,232000.000,-135000.000,219000.000,99000.000,-132000.000,41000.000,-19000.000,-26000.000,-40000.000,-13000.000,-1000.000,-7000.000,-7000.000,-2000.000,-3000.000,1000.000,-5000.000,0.000,0.000,0.000
OtherComprehensiveIncomeUnrealizedHoldingGainLossOnSecuritiesArisingDuringPeriodNetOfTax,87000.000,,,,,,,,,,,,,,,,,,,,,,,
OtherComprehensiveIncomeUnrealizedHoldingGainLossOnSecuritiesArisingDuringPeriodTax,,,,,89000.000,,,40000.000,-51000.000,16000.000,-9000.000,-10000.000,-15000.000,-5000.000,2000.000,-3000.000,-3000.000,-1000.000,0.000,0.000,-3000.000,0.000,0.000,
OtherNoncashIncomeExpense,,,,,537000.000,,,1092000.000,,,,-744000.000,,,,1510000.000,,,,935000.000,,,,453000.000
OtherNonoperatingIncomeExpense,-10002000.000,2697000.000,1868000.000,6398000.000,568000.000,5442000.000,-245000.000,5457000.000,-139000.000,3624000.000,1338000.000,-1119000.000,4766000.000,7484000.000,6897000.000,2626000.000,3708000.000,247000.000,256000.000,-1098000.000,27390000.000,125000.000,4492000.000,2432000.000
ParticipatingSecuritiesDistributedAndUndistributedEarnings,,,,,,,,,,,,,167000.000,135000.000,,,,,,,,,,
ParticipatingSecuritiesDistributedAndUndistributedEarningsLossBasic,,,,,,,,,,,,,,,,84000.000,143000.000,137000.000,168000.000,150000.000,240000.000,126000.000,11000.000,200000.000
PaymentsForProceedsFromDerivativeInstrumentInvestingActivities,,,,,-2348000.000,,,-661000.000,,,,407000.000,,,,-1668000.000,,,,-310000.000,,,,-490000.000
PaymentsForProceedsFromDerivatives,1600000.000,,,,,,,,,,,,,,,,,,,,,,,
PaymentsForProceedsFromOtherInvestingActivities,,,,,,,,-7133000.000,,,,43000.000,,,,0.000,,,,,,,,703000.000
PaymentsForRepurchaseOfCommonStock,,,,,,,,22099000.000,,,,0.000,,,,,,,,,,,,17827000.000
PaymentsForRestructuring,,,,,,,,,,,,944000.000,,,,,,,,,,,,
PaymentsOfDebtIssuanceCosts,,,,,,,,,,,,,,,,,,,,111000.000,,,,0.000
PaymentsOfDividendsCommonStock,18582000.000,,,,18087000.000,,,17129000.000,,,,19198000.000,,,,19261000.000,,,,19256000.000,,,,18946000.000
PaymentsOfDividendsMinorityInterest,,,,,,,,,,,,,,,,3830000.000,,,,0.000,,,,
PaymentsToAcquireBusinessesNetOfCashAcquired,,,,,,,,653000.000,,,,0.000,,,,599000.000,,,,55000.000,,,,175000.000
PaymentsToAcquireIntangibleAssets,1339000.000,,,,,,,,,,,,,,,,,,,,,,,
PaymentsToAcquireInvestments,10248000.000,,,,8291000.000,,,,,,,,,,,,,,,,,,,
PaymentsToAcquirePropertyPlantAndEquipment,30894000.000,,,,25441000.000,,,17272000.000,,,,17254000.000,,,,11604000.000,,,,17841000.000,,,,18846000.000
PensionExpense,,1242000.000,,,,,,,,,,,,,,,,,,,,,,
ProceedsFromIssuanceOfDebt,,,,,,,,,,,,,,,,581000.000,,,,21500000.000,,,,0.000
ProceedsFromIssuanceOfSharesUnderIncentiveAndShareBasedCompensationPlansIncludingStockOptions,-1296000.000,,,,1078000.000,,,1704000.000,,,,646000.000,,,,145000.000,,,,,,,,
ProceedsFromLinesOfCredit,,,,,,,,152000.000,,,,0.000,,,,,,,,,,,,
ProceedsFromMinorityShareholders,,,,,,,,,,,,,,,,,,,,1876000.000,,,,962000.000
ProceedsFromRepurchaseOfEquity,,,,,,,,,,,,,,,,,,,,262000.000,,,,-6000.000
ProceedsFromSaleOfAvailableForSaleSecurities,,,,,,,,,,,,598000.000,,,,,,,,,,,,
ProceedsFromSaleOfAvailableForSaleSecuritiesEquity,,,,,,,,,,,,,,,,0.000,,,,,,,,
ProceedsFromSaleOfOtherAssetsInvestingActivities,,,,,,,,,,,,,,,,,,,,7500000.000,,,,0.000
ProfitLoss,43584000.000,61810000.000,66846000.000,98410000.000,27213000.000,42949000.000,37459000.000,11100000.000,40703000.000,34811000.000,71097000.000,-2187000.000,22272000.000,21510000.000,55589000.000,3987000.000,18479000.000,13061000.000,49288000.000,-25154000.000,32167000.000,9729000.000,8656000.000,-21227000.000
ReclassificationFromAccumulatedOtherComprehensiveIncomeCurrentPeriodNetOfTax,,,,,,,,,,,,-559000.000,-790000.000,-822000.000,1195000.000,1629000.000,3750000.000,2056000.000,,,,,,
ReclassificationFromAociCurrentPeriodNetOfTaxAttributableToParent,,,,,,,,,,,,,,,,,,,,1085000.000,822000.000,516000.000,233000.000,487000.000
RepaymentsOfDebtAndCapitalLeaseObligations,,,,,,,,,,,,,,,,593000.000,,,,472000.000,,,,143000.000
RepaymentsOfLongTermDebtAndCapitalSecurities,444000.000,,,,491000.000,,,480000.000,,,,3661000.000,,,,,,,,,,,,
RestructuringCharges,,,,,,,,2337000.000,6129000.000,1889000.000,2087000.000,0.000,0.000,0.000,0.000,0.000,0.000,0.000,0.000,6083000.000,0.000,0.000,0.000,0.000
RestructuringReserveSettledWithCash,,,,,,,,,1341000.000,1802000.000,,,,,,,,,,,,,,
RestructuringReserveSettledWithoutCash,,,,,,,,,1921000.000,283000.000,,,,,,,,,,,,,,
RestructuringReserveTranslationAndOtherAdjustment,,,,,,,,,145000.000,-246000.000,,-663000.000,,,,,,,,,,,,
RestructuringSettlementAndImpairmentProvisions,,19463000.000,,,,,,,,,,,,,,,,,,,,,,
Revenues,592244000.000,677159000.000,642803000.000,775842000.000,579266000.000,635393000.000,628828000.000,548914000.000,639012000.000,613497000.000,768363000.000,522541000.000,608571000.000,589834000.000,696727000.000,478824000.000,546264000.000,520964000.000,658259000.000,448815000.000,544959000.000,536321000.000,679273000.000,458581000.000
RoyaltyRevenue,28845000.000,28137000.000,34026000.000,30412000.000,28900000.000,27010000.000,31454000.000,30250000.000,27118000.000,32416000.000,28422000.000,25613000.000,26792000.000,31972000.000,26762000.000,25865000.000,25327000.000,27750000.000,24915000.000,22347000.000,21951000.000,23768000.000,22768000.000,20261000.000
SalesRevenueGoodsNet,563399000.000,649022000.000,608777000.000,745430000.000,550366000.000,608383000.000,597374000.000,518664000.000,611894000.000,581081000.000,739941000.000,496928000.000,581779000.000,557862000.000,669965000.000,452959000.000,520937000.000,493214000.000,633344000.000,426468000.000,523008000.000,512553000.000,656505000.000,438320000.000
SalesRevenueNet,592244000.000,677159000.000,642803000.000,775842000.000,579266000.000,635393000.000,628828000.000,548914000.000,639012000.000,613497000.000,768363000.000,522541000.000,608571000.000,589834000.000,696727000.000,478824000.000,546264000.000,520964000.000,658259000.000,448815000.000,544959000.000,536321000.000,679273000.000,458581000.000
SellingGeneralAndAdministrativeExpense,178287000.000,185620000.000,180497000.000,201941000.000,195935000.000,194259000.000,189492000.000,183764000.000,181623000.000,178379000.000,197339000.000,178208000.000,186919000.000,189093000.000,187753000.000,161132000.000,171916000.000,162826000.000,170206000.000,165654000.000,170055000.000,165119000.000,181036000.000,167399000.000
ShareBasedCompensation,7255000.000,,,,4802000.000,,,2248000.000,,,,3457000.000,,,,3612000.000,,,,4232000.000,,,,3963000.000
ShareBasedCompensationArrangementByShareBasedPaymentAwardOptionsGrantsInPeriodWeightedAverageGrantDateFairValue,,,,,,,,,,,,,,,,3.620,,,,3.560,,,,1.570
StockIssuedDuringPeriodValueEmployeeStockPurchasePlan,,,,,370000.000,,,,,,,,,,,162000.000,,,,150000.000,,,,133000.000
StockIssuedDuringPeriodValueShareBasedCompensation,,,,,-156000.000,,,,,,,,,,,,,,,,,,,
TemporaryEquityAccretionToRedemptionValue,,,,,2023000.000,,,-278000.000,,,,-255000.000,,,,-235000.000,,,,,,,,
TemporaryEquityForeignCurrencyTranslationAdjustments,,,,,26000.000,,,-121000.000,,,,232000.000,,,,-140000.000,,,,406000.000,,,,182000.000
TemporaryEquityIssuePeriodIncreaseOrDecrease,,,,,,,,,,,,,,,,,,,,670000.000,,,,
TemporaryEquityStockIssuedDuringPeriodValueNewIssues,,,,,,,,,,,,,,,,,,,,1876000.000,,,,951000.000
TreasuryStockSharesAcquired,,,,,,,,,,,,,,,,,,,,0.000,0.000,0.000,,
TreasuryStockValueAcquiredCostMethod,,,,,,140262000.000,,,,,,,,,,,,,,0.000,0.000,0.000,3532000.000,17827000.000
WeightedAverageNumberOfDilutedSharesOutstanding,92171000.000,92368000.000,92338000.000,-184929000.000,89510000.000,87237000.000,84702000.000,84778000.000,84347000.000,84417000.000,-169020000.000,84499000.000,84799000.000,84832000.000,-169293000.000,85099000.000,85290000.000,84373000.000,-170237000.000,83514000.000,83863000.000,83917000.000,-167465000.000,83010000.000
WeightedAverageNumberOfSharesOutstandingBasic,91629000.000,91864000.000,92011000.000,-183971000.000,89190000.000,86972000.000,84408000.000,84582000.000,84080000.000,84149000.000,-168540000.000,84499000.000,84573000.000,84624000.000,-169092000.000,84965000.000,85004000.000,83985000.000,-169690000.000,83514000.000,83621000.000,83758000.000,-167227000.000,83010000.000
