,2011-03-31,2011-06-30,2011-09-30,2011-12-31,2012-03-31,2012-06-30,2012-09-30,2012-12-31,2013-03-31,2013-06-30,2013-09-30,2013-12-31,2014-03-31,2014-06-30,2014-09-30,2015-03-31,2016-03-31,2017-03-31
AmortizationOfDebtDiscountPremium,90000.000,,,,-90000.000,,,,-225000.000,,,,,,,,,
AmortizationOfFinancingCosts,715000.000,707000.000,724000.000,756000.000,771000.000,869000.000,971000.000,941000.000,804000.000,803000.000,820000.000,,,,,,,
AmountOfDilutiveSecuritiesStockOptionsAndRestrictiveStockUnits,,-2000.000,,,,,,,,,,,,,,,,
AssetImpairmentCharges,,,,,0.000,,,,,,,,,,,,,
BusinessCombinationAcquisitionRelatedCosts,219000.000,1520000.000,592000.000,988000.000,-634000.000,865000.000,1343000.000,7000.000,10000.000,489000.000,0.000,,11000.000,,,,,
BusinessCombinationIntegrationRelatedCosts,,,,,,,,,,,35000.000,,,,,,,
CashAndCashEquivalentsPeriodIncreaseDecrease,1280000.000,,,,-15491000.000,,,,-851000.000,,,,,,,,,
CommonStockDividendsPerShareDeclared,0.627,0.627,0.627,0.661,0.660,0.660,0.660,0.695,0.695,0.695,0.695,,,,,,,
ComprehensiveIncomeNetOfTax,,,,,27938000.000,29071000.000,31290000.000,26718000.000,25368000.000,74619000.000,46021000.000,,,,,,,
ComprehensiveIncomeNetOfTaxAttributableToNoncontrollingInterest,,,,,1378000.000,1354000.000,2700000.000,1078000.000,1003000.000,2442000.000,1830000.000,,,,,,,
ComprehensiveIncomeNetOfTaxIncludingPortionAttributableToNoncontrollingInterest,,,,,29316000.000,30425000.000,33990000.000,27796000.000,26371000.000,77061000.000,47851000.000,,,,,,,
ConstructionInProgressExpendituresIncurredButNotYetPaid,7467000.000,,,,10027000.000,,,,7126000.000,,,,,,,,,
ConversionOfStockAmountConverted1,,,,,28000.000,,,,443000.000,,,,,,,,,
ConversionOfStockSharesConverted1,,,,,,,,,,,,,0.360,,,,,
CostOfOtherPropertyOperatingExpense,2701000.000,2702000.000,2771000.000,2633000.000,2905000.000,2760000.000,2781000.000,2717000.000,3041000.000,2898000.000,2922000.000,,,,,,,
CostOfPropertyRepairsAndMaintenance,3356000.000,3809000.000,4733000.000,3852000.000,3928000.000,4014000.000,4503000.000,3512000.000,3335000.000,3953000.000,4595000.000,,,,,,,
Depreciation,27741000.000,28021000.000,,,,,,,,,,,,,,,,
DepreciationAmortizationAndAccretionNet,,,,,,,,,10000.000,,,,,,,,,
DepreciationAndAmortization,,,29343000.000,,30643000.000,31549000.000,31984000.000,31960000.000,33433000.000,32730000.000,33000000.000,,90013000.000,,,,,
DepreciationDepletionAndAmortization,28456000.000,,,,31549000.000,,,,34237000.000,,,,,,,,,
DerivativeInstrumentsGainLossReclassifiedFromAccumulatedOCIIntoIncomeEffectivePortionNet,,-7374000.000,-6671000.000,,-5548000.000,4944000.000,4815000.000,-24324000.000,-4545000.000,-3932000.000,-3621000.000,-4272000.000,-3725000.000,,,,,
DerivativeInstrumentsGainLossRecognizedInIncomeIneffectivePortionAndAmountExcludedFromEffectivenessTestingNet,,-104000.000,-91000.000,,-11000.000,-23000.000,-7000.000,2000.000,4000.000,23000.000,-1000.000,,-4000.000,,,,,
DerivativeInstrumentsGainLossRecognizedInOtherComprehensiveIncomeEffectivePortionNet,,-8026000.000,-5953000.000,,-1300000.000,-3991000.000,-2903000.000,,-179000.000,12101000.000,-1826000.000,,-997000.000,,,,,
DerivativeInstrumentsNotDesignatedAsHedgingInstrumentsGain,,,,,,,,,,-10000.000,,,,,,,,
DerivativeInstrumentsNotDesignatedAsHedgingInstrumentsLoss,,,,,,,,,-13000.000,,5000.000,,,,,,,
DiscontinuedOperationAmountOfOtherIncomeLossFromDispositionOfDiscontinuedOperationNetOfTax,,,,,-54000.000,-2000.000,99000.000,5000.000,0.000,-4000.000,-1000.000,,,,,,,
DiscontinuedOperationGainLossOnDisposalOfDiscontinuedOperationNetOfTax,,,4927000.000,,9500000.000,12953000.000,16092000.000,3090000.000,0.000,43121000.000,28788000.000,,,,,,,
DiscontinuedOperationIncomeLossFromDiscontinuedOperationDuringPhaseOutPeriodNetOfTax,,11000.000,9000.000,,-158000.000,63000.000,-451000.000,1123000.000,0.000,907000.000,650000.000,,,,,,,
DisposalGroupIncludingDiscontinuedOperationOperatingIncomeLoss,,-153000.000,-100000.000,,4000.000,-590000.000,-462000.000,-3088000.000,0.000,-1446000.000,837000.000,,1599000.000,,,,,
DistributionMadeToLimitedPartnerDistributionsDeclaredPerUnit,,,,,,,,,,,,,0.730,,,,,
DistributionMadeToMemberOrLimitedPartnerDistributionsDeclaredPerUnit,,,,,0.660,,,,0.695,,,,,,,,,
DividendsCommonStock,,,,,-27030000.000,,,,29674000.000,,,,,,,,,
EarningsPerShareBasic,0.250,0.200,0.370,0.500,0.600,0.690,0.740,0.530,0.500,1.380,1.040,,,,,,,
EarningsPerShareDiluted,0.240,0.200,0.370,0.500,0.600,0.690,0.740,0.530,0.500,1.370,1.040,,,,,,,
EscrowDepositDisbursementsRelatedToPropertyAcquisition,,,,,-21585000.000,,,,0.000,,,,,,,,,
GainLossOnSaleOfOtherAssets,-6000.000,,,,0.000,-3000.000,48000.000,0.000,,0.000,0.000,,,,,,,
GainsLossesOnExtinguishmentOfDebt,,-48000.000,-63000.000,,20000.000,-15000.000,0.000,-659000.000,-169000.000,0.000,-218000.000,,,,,,,
GainsLossesOnSalesOfInvestmentRealEstate,,,,,,,,,,,,,3100000.000,,,,,
GeneralAndAdministrativeExpense,4610000.000,5439000.000,3996000.000,4078000.000,3447000.000,3462000.000,3527000.000,3326000.000,3239000.000,3389000.000,3976000.000,,4342000.000,,,,,
IncomeLossFromContinuingOperations,,,,,,,15800000.000,,21200000.000,16391000.000,15974000.000,-17419000.000,9285000.000,,,,,
IncomeLossFromContinuingOperationsAttributableToNoncontrollingEntity,,,,,,,500000.000,,825000.000,613000.000,645000.000,-952000.000,-534000.000,,,,,
IncomeLossFromContinuingOperationsBeforeIncomeTaxesMinorityInterestAndIncomeLossFromEquityMethodInvestments,9400000.000,7847000.000,9622000.000,11456000.000,15882000.000,16525000.000,16410000.000,18971000.000,21951000.000,16957000.000,16559000.000,,,,,,,
IncomeLossFromContinuingOperationsIncludingPortionAttributableToNoncontrollingInterest,,7669000.000,9515000.000,,15851000.000,16458000.000,16338000.000,18918000.000,22005000.000,17004000.000,16619000.000,-18351000.000,9819000.000,,,,,
IncomeLossFromContinuingOperationsPerBasicShare,0.250,0.200,0.240,0.260,0.370,0.370,0.360,0.480,0.500,0.380,0.380,,,,,,,
IncomeLossFromContinuingOperationsPerDilutedShare,0.240,0.200,0.240,0.290,0.370,0.370,0.380,0.450,0.500,0.380,0.380,,,,,,,
IncomeLossFromDiscontinuedOperationsNetOfTax,,11000.000,4936000.000,,9217000.000,13014000.000,15740000.000,4289000.000,0.000,44024000.000,29437000.000,8541000.000,5895000.000,,,,,
IncomeLossFromDiscontinuedOperationsNetOfTaxAttributableToNoncontrollingInterest,,,,,,,700000.000,,0.000,1326000.000,1127000.000,414000.000,-314000.000,,,,,
IncomeLossFromDiscontinuedOperationsNetOfTaxAttributableToReportingEntity,,,,,,,15100000.000,,0.000,42698000.000,28310000.000,8127000.000,5581000.000,,,,,
IncomeLossFromDiscontinuedOperationsNetOfTaxPerBasicShare,,,0.130,,0.230,0.320,0.380,0.050,0.000,1.000,0.660,,,,,,,
IncomeLossFromDiscontinuedOperationsNetOfTaxPerDilutedShare,,,0.130,,0.230,0.320,0.360,0.080,0.000,0.990,0.660,,,,,,,
IncomeLossFromEquityMethodInvestments,-245000.000,-178000.000,-107000.000,-63000.000,-31000.000,-67000.000,-72000.000,-53000.000,54000.000,47000.000,60000.000,,,,,,,
IncomeLossFromEquityMethodInvestmentsNetOfDividendsOrDistributions,-245000.000,-178000.000,-107000.000,-77000.000,-31000.000,,,,54000.000,,,,,,,,,
IncreaseDecreaseInAccountsPayable,789000.000,,,,1910000.000,,,,1086000.000,,,,,,,,,
IncreaseDecreaseInFairValueOfUnhedgedDerivativeInstruments,,,,,24000.000,9041000.000,25000.000,,,,,,,,,,,
IncreaseDecreaseInOtherAccruedLiabilities,-6922000.000,,,,-14994000.000,,,,-12985000.000,,,,,,,,,
IncreaseDecreaseInOtherOperatingAssets,1470000.000,,,,-2445000.000,,,,3466000.000,,,,,,,,,
IncreaseDecreaseInRestrictedCash,-137000.000,,,,-207000.000,,,,-159000.000,,,,,,,,,
IncreaseDecreaseInSecurityDeposits,-140000.000,,,,82000.000,,,,161000.000,,,,,,,,,
InterestCostsCapitalized,167000.000,,,,638000.000,,,,448000.000,,,,,,,,,
InterestExpense,13990000.000,14149000.000,15487000.000,14986000.000,14350000.000,14270000.000,14698000.000,15433000.000,15716000.000,15271000.000,14941000.000,,,,,,,
InterestPaidNet,13518000.000,,,,16911000.000,,,,16400000.000,,,,,,,,,
LaborAndRelatedExpense,13165000.000,13581000.000,14195000.000,13656000.000,14500000.000,14322000.000,14714000.000,13654000.000,14682000.000,14735000.000,15085000.000,,,,,,,
LimitedLiabilityCompanyLLCOrLimitedPartnershipLPManagingMemberOrGeneralPartnerOwnershipInterest,,,,,,,,,,,,,0.947,,,0.947,0.948,
LineOfCreditFacilityIncreaseDecreaseForPeriodNet,70000000.000,,,,,,,,,,,,,,,,,
ManagementFeesBaseRevenue,223000.000,263000.000,265000.000,266000.000,269000.000,209000.000,209000.000,212000.000,177000.000,142000.000,146000.000,,,,,,,
MinorityInterestDecreaseFromDistributionsToNoncontrollingInterestHolders,,,,,-1279000.000,,,,1187000.000,,,,,,,,,
MinorityInterestPeriodIncreaseDecrease,,,,,0.000,,,,0.000,,,,,,,,,
NetCashProvidedByUsedInFinancingActivities,17265000.000,,,,-19289000.000,,,,8273000.000,,,,,,,,,
NetCashProvidedByUsedInFinancingActivitiesContinuingOperations,17265000.000,,,,-19289000.000,,,,8273000.000,,,,,,,,,
NetCashProvidedByUsedInInvestingActivities,-47287000.000,,,,-34042000.000,,,,-51241000.000,,,,,,,,,
NetCashProvidedByUsedInInvestingActivitiesContinuingOperations,-47287000.000,,,,-34042000.000,,,,-51241000.000,,,,,,,,,
NetCashProvidedByUsedInOperatingActivities,31302000.000,,,,37840000.000,,,,42117000.000,,,,,,,,,
NetCashProvidedByUsedInOperatingActivitiesContinuingOperations,31302000.000,,,,37840000.000,,,,42117000.000,,,,,,,,,
NetIncomeLoss,8844000.000,7428000.000,13791000.000,18758000.000,23890000.000,28160000.000,30866000.000,22307000.000,21180000.000,59089000.000,44284000.000,,14866000.000,,,,,
NetIncomeLossAttributableToNoncontrollingInterest,311000.000,252000.000,660000.000,1187000.000,1178000.000,1312000.000,1212000.000,900000.000,825000.000,1939000.000,1772000.000,,848000.000,,,,,
NetIncomeLossAvailableToCommonStockholdersBasic,8844000.000,7428000.000,13791000.000,18758000.000,23890000.000,28160000.000,30866000.000,22307000.000,21180000.000,59089000.000,44284000.000,,,,,,,
NetIncomeLossAvailableToCommonStockholdersDiluted,,7426000.000,13773000.000,,23862000.000,28135000.000,30841000.000,,,,,,,,,,,
NonoperatingIncomeExpense,235000.000,114000.000,108000.000,117000.000,108000.000,112000.000,89000.000,121000.000,47000.000,23000.000,16000.000,,,,,,,
OperatingCostsAndExpenses,73341000.000,75434000.000,80261000.000,78085000.000,80485000.000,82457000.000,84816000.000,81704000.000,86210000.000,86482000.000,89153000.000,,,,,,,
OperatingIncomeLoss,24024000.000,22902000.000,26074000.000,26729000.000,30879000.000,31568000.000,31964000.000,35865000.000,38577000.000,32569000.000,32522000.000,,,,,,,
OperatingLeasesIncomeStatementLeaseRevenue,97881000.000,100924000.000,105913000.000,105863000.000,109617000.000,113783000.000,116968000.000,115834000.000,122711000.000,123204000.000,125522000.000,,,,,,,
OtherComprehensiveIncomeDerivativesQualifyingAsHedgesNetOfTaxPeriodIncreaseDecrease,,,,,4248000.000,,,,,,,,,,,,,
OtherComprehensiveIncomeLossDerivativesQualifyingAsHedgesNetOfTax,,,,,,,,,4363000.000,,,,,,,,,
OtherComprehensiveIncomeLossNetOfTaxPortionAttributableToNoncontrollingInterest,,,,,,,,,181000.000,,,,145000.000,,,,,
OtherComprehensiveIncomeLossNetOfTaxPortionAttributableToParent,,,,,,,,,4185000.000,,,,2583000.000,,,,,
OtherComprehensiveIncomeLossReclassificationAdjustmentFromAOCIOnDerivativesNetOfTax,,,,,,,,,,,,,-3725000.000,,,,,
OtherComprehensiveIncomeLossReclassificationAdjustmentOnDerivativesIncludedInNetIncomeNetOfTax,,,,,,,,,-4545000.000,,,,,,,,,
OtherComprehensiveIncomeUnrealizedGainLossOnDerivativesArisingDuringPeriodBeforeTax,,,,,,,,,-179000.000,,,,,,,,,
OtherCostAndExpenseOperating,7712000.000,8387000.000,8672000.000,7893000.000,8279000.000,8459000.000,8581000.000,9542000.000,8865000.000,9098000.000,9160000.000,,,,,,,
OtherRealEstateRevenue,9234000.000,9302000.000,9649000.000,9209000.000,9745000.000,9930000.000,9933000.000,10456000.000,10479000.000,10766000.000,10772000.000,,,,,,,
OwnedPropertyManagementCosts,5144000.000,5194000.000,4904000.000,5458000.000,5454000.000,5570000.000,5460000.000,5600000.000,5331000.000,5446000.000,5193000.000,,7011000.000,,,,,
PaymentsForCapitalImprovements,2416000.000,,,,12221000.000,,,,8701000.000,,,,,,,,,
PaymentsForRepurchaseOfCommonStock,1939000.000,,,,1415000.000,,,,673000.000,,,,,,,,,
PaymentsOfDividendsCommonStock,22076000.000,,,,25723000.000,,,,29418000.000,,,,,,,,,
PaymentsOfDividendsMinorityInterest,1422000.000,,,,1280000.000,,,,1204000.000,,,,,,,,,
PaymentsOfFinancingCosts,420000.000,,,,1397000.000,,,,120000.000,,,,,,,,,
PaymentsToAcquireEquityMethodInvestments,1369000.000,,,,51000.000,,,,16000.000,,,,,,,,,
PaymentsToAcquireOtherPropertyPlantAndEquipment,10295000.000,,,,,,,,,,,,,,,,,
PaymentsToAcquireOtherRealEstate,,,,,2934000.000,,,,,,,,,,,,,
PaymentsToAcquireRealEstate,30000000.000,,,,,,,,,,,,,,,,,
PaymentsToDevelopRealEstateAssets,3569000.000,,,,26745000.000,,,,12240000.000,,,,,,,,,
PreferredStockDividendRatePerDollarAmount,,,,,,,,,,,,,,,,,,4.250
PreferredStockDividendRatePercentage,,,,,,,,,,,,,,,,,,0.085
ProceedsFromDistributionsReceivedFromRealEstatePartnerships,362000.000,,,,459000.000,,,,4964000.000,,,,,,,,,
ProceedsFromInsuranceSettlementInvestingActivities,148000.000,,,,,,,,,,,,,,,,,
ProceedsFromIssuanceOfCommonStock,91443000.000,,,,120135000.000,,,,22058000.000,,,,,,,,,
ProceedsFromNotesPayable,22350000.000,,,,50000000.000,,,,0.000,,,,,,,,,
ProceedsFromRepaymentsOfLinesOfCredit,,,,,-158802000.000,,,,19000000.000,,,,,,,,,
ProceedsFromSaleOfRealEstateHeldforinvestment,,,,,29035000.000,,,,76000.000,,,,,,,,,
ProfitLoss,9155000.000,7680000.000,14451000.000,19945000.000,25068000.000,29472000.000,32078000.000,23207000.000,22005000.000,61028000.000,46056000.000,,,,,,,
RealEstateImprovements,,,,,,,,,576000.000,,,,,,,,,
RealEstateRevenueNet,107115000.000,110226000.000,115562000.000,115072000.000,119362000.000,123713000.000,126901000.000,126290000.000,133190000.000,133970000.000,136294000.000,,243390000.000,,,,,
RealEstateTaxesAndInsurance,12498000.000,12562000.000,12968000.000,12896000.000,13886000.000,14420000.000,14595000.000,14006000.000,15987000.000,16094000.000,16811000.000,,,,,,,
RepaymentsOfNotesPayable,671000.000,,,,807000.000,,,,1370000.000,,,,,,,,,
Revenues,107338000.000,110489000.000,115827000.000,115338000.000,119631000.000,123922000.000,127110000.000,126502000.000,133367000.000,134112000.000,136440000.000,,243487000.000,,,,,
SalesRevenueNet,107338000.000,110489000.000,115827000.000,115338000.000,119631000.000,123922000.000,127110000.000,126502000.000,133367000.000,134112000.000,136440000.000,,243487000.000,,,,,
ShareBasedCompensation,,,,,814000.000,,,,630000.000,,,,,,,,,
SharesPaidForTaxWithholdingForShareBasedCompensation,,,,,15565.000,,,,,,,,,,,,,
StockIssuedDuringPeriodSharesAcquisitions,,,,,,,,,,,,,31916765.000,,,,,
StockIssuedDuringPeriodSharesDividendReinvestmentPlan,,151.000,100.000,,120.000,209.000,122.000,,141.000,188.000,435.000,,340.000,300.000,,,,
StockIssuedDuringPeriodSharesNewIssues,,,,,,,,,,,,,,,,,,0.000
StockIssuedDuringPeriodSharesStockOptionsExercised,,,,,,,,,,,,,,,40338.000,,,
StockIssuedDuringPeriodValueConversionOfUnits,,,,,0.000,,,,0.000,,,,,,,,,
StockIssuedDuringPeriodValueNewIssues,,,,,120143000.000,,,,22058000.000,,,,,,,,,
StockOptionPlanExpense,844000.000,,,,,,,,,,,,,,,,,
StockRepurchasedAndRetiredDuringPeriodValue,,,,,-1415000.000,,,,673000.000,,,,,,,,,
TreasuryStockSharesAcquired,,,,,,,,,4582.000,,,,6554.000,,,11646.000,18887.000,47480.000
UtilitiesCosts,6168000.000,6372000.000,7579000.000,6655000.000,6344000.000,6933000.000,7658000.000,6313000.000,6867000.000,6974000.000,7580000.000,,,,,,,
WeightedAverageGeneralPartnershipUnitsOutstanding,,1982000.000,,,0.000,0.000,1781000.000,53000.000,1715000.000,0.000,0.000,,,,,,,
WeightedAverageNumberDilutedSharesOutstandingAdjustment,,105000.000,81000.000,,102000.000,45000.000,35000.000,-118000.000,80000.000,0.000,0.000,,,,,,,
WeightedAverageNumberOfDilutedSharesOutstanding,,38923000.000,37355000.000,,39607000.000,41028000.000,43221000.000,-80919000.000,44149000.000,42690000.000,42702000.000,,,,,,,
WeightedAverageNumberOfSharesOutstandingBasic,,36836000.000,37274000.000,,39505000.000,40983000.000,41405000.000,-80854000.000,42354000.000,42690000.000,42702000.000,,,,,,,
