,2011-06-30,2012-03-31,2012-06-30,2012-09-30,2012-12-31,2013-03-31,2013-06-30,2013-09-30,2013-12-31,2014-03-31,2014-06-30,2014-09-30
AdjustmentsToAdditionalPaidInCapitalShareBasedCompensationNonvestedSharesRequisiteServicePeriodRecognition,,79000.000,,,,248000.000,,,,,,
AdjustmentsToAdditionalPaidInCapitalShareBasedCompensationRestrictedStockUnitsRequisiteServicePeriodRecognition,,,,,,,,,,812000.000,,
AdjustmentsToAdditionalPaidInCapitalShareBasedCompensationStockOptionsRequisiteServicePeriodRecognition,,133000.000,,,,244000.000,,,,322000.000,,
AdjustmentsToAdditionalPaidInCapitalSharebasedCompensationRequisiteServicePeriodRecognitionValue,,264000.000,,,,707000.000,,,,350000.000,,
AllocatedShareBasedCompensationExpenseNetOfTax,,264000.000,,,,,,,,,231000.000,
AmortizationOfFinancingCostsAndDiscounts,,985000.000,,,,1057000.000,,,,910000.000,,
AmortizationOfIntangibleAssets,,492000.000,284000.000,1995000.000,1619000.000,1703000.000,1404000.000,2102000.000,1909000.000,1880000.000,1778000.000,741000.000
BusinessCombinationIntegrationRelatedCosts,,,,,,,,,,,,5588000.000
BusinessCombinationProFormaInformationEarningsOrLossOfAcquireeSinceAcquisitionDateActual,,,,,,569000.000,,,,,,
BusinessCombinationProFormaInformationRevenueOfAcquireeSinceAcquisitionDateActual,,,,,,1853000.000,,,,,,
BusinessCombinationSeparatelyRecognizedTransactionsExpensesAndLossesRecognized,,,56000.000,848000.000,,,,,,,,
BusinessCombinationStepAcquisitionEquityInterestInAcquireeRemeasurementGain,,,,,,,19227000.000,0.000,,,0.000,0.000
CashAndCashEquivalentsPeriodIncreaseDecrease,,125917000.000,,,,57867000.000,,,,-42605000.000,,
CashFlowHedgeGainLossToBeReclassifiedWithinTwelveMonths,,31000.000,,,,430000.000,,,,497000.000,,
CommonStockDividendsPerShareDeclared,0.100,0.100,,,,0.100,,,,0.100,,
ComprehensiveIncomeNetOfTax,-16070000.000,-5514000.000,,-832000.000,,1474000.000,37161000.000,796000.000,-43844000.000,-1264000.000,465000.000,14390000.000
ComprehensiveIncomeNetOfTaxAttributableToNoncontrollingInterest,64000.000,-1000.000,,-5000.000,,1000.000,3000.000,,,0.000,2000.000,2000.000
ComprehensiveIncomeNetOfTaxIncludingPortionAttributableToNoncontrollingInterest,-16006000.000,-5515000.000,,-837000.000,,1475000.000,37164000.000,796000.000,-43844000.000,-1264000.000,467000.000,14392000.000
CostsAndExpenses,57139000.000,55163000.000,,70235000.000,,71313000.000,73528000.000,73965000.000,,,76188000.000,82065000.000
DebtInstrumentInterestRateStatedPercentageRateRangeMaximum,,0.060,,,,,,,,0.060,,
DebtInstrumentInterestRateStatedPercentageRateRangeMinimum,,0.029,,,,0.030,,,,0.030,,
DepreciationAndAmortization,17288000.000,19576000.000,,28420000.000,,26788000.000,,,,31549000.000,,31933000.000
DerivativeNetHedgeIneffectivenessGainLoss,,,,,,,10000.000,-4000.000,,0.000,0.000,0.000
DirectCostsOfLeasedAndRentedPropertyOrEquipment,13939000.000,14461000.000,,20316000.000,,18933000.000,19066000.000,21560000.000,22780000.000,21864000.000,20343000.000,21898000.000
DiscontinuedOperationGainLossOnDisposalOfDiscontinuedOperationNetOfTax,,,,,,,,,,1004000.000,325000.000,1284000.000
DiscontinuedOperationIncomeLossFromDiscontinuedOperationDuringPhaseOutPeriodNetOfTax,,,,,,,,,,117000.000,605000.000,-41000.000
DisposalGroupIncludingDiscontinuedOperationInterestExpense,,-1000.000,,-1000.000,,0.000,,,,668000.000,654000.000,201000.000
DisposalGroupIncludingDiscontinuedOperationOperatingExpense,,95000.000,158000.000,5740000.000,-246000.000,-84000.000,,,,1006000.000,1206000.000,288000.000
DisposalGroupIncludingDiscontinuedOperationOperatingIncomeLoss,,12000.000,97000.000,637000.000,236000.000,107000.000,,,,785000.000,1259000.000,160000.000
DisposalGroupIncludingDiscontinuedOperationRevenue,,107000.000,255000.000,6377000.000,-10000.000,23000.000,,,,1791000.000,2465000.000,448000.000
DividendsCommonStock,,14217000.000,,,,14645000.000,,,,14754000.000,,
DividendsPreferredStock,6137000.000,6137000.000,6137000.000,6605000.000,6090000.000,6159000.000,6467000.000,5895000.000,5894000.000,5895000.000,5895000.000,
EarningsPerShareBasic,-0.220,-0.100,,-0.070,,-0.100,0.210,-0.030,-0.340,-0.050,-0.040,0.060
EarningsPerShareDiluted,-0.220,-0.100,0.110,-0.070,-0.170,-0.100,0.210,-0.030,-0.340,-0.050,-0.040,0.060
EquityMethodInvestmentDividendsOrDistributions,,1312000.000,,,,27000.000,,,,2072000.000,,
EquityMethodInvestmentSummarizedFinancialInformationNetIncomeLoss,,-7264000.000,-2172000.000,17000.000,-10281000.000,696000.000,26348000.000,-266000.000,-86523000.000,465000.000,1474000.000,1644000.000
EquityMethodInvestmentSummarizedFinancialInformationRevenue,,30570000.000,23625000.000,19131000.000,20406000.000,19183000.000,17595000.000,5731000.000,5622000.000,5489000.000,5785000.000,6135000.000
ExtinguishmentOfDebtAmount,,,,,,0.000,,,,,,
GainLossOnInterestRateCashFlowHedgeIneffectiveness,,0.000,0.000,0.000,0.000,0.000,10000.000,-4000.000,-12000.000,0.000,0.000,
GainLossOnSaleOfPropertyPlantEquipment,,,,,,,,,,1004000.000,,
GainsLossesOnExtinguishmentOfDebt,,,,,,,13250000.000,,,,0.000,16292000.000
GainsLossesOnSalesOfOtherRealEstate,,146000.000,,,,505000.000,,,,,,
GeneralAndAdministrativeExpense,5129000.000,5497000.000,,6005000.000,,6850000.000,6943000.000,6897000.000,7620000.000,7753000.000,7358000.000,6926000.000
ImpairmentOfRealEstate,8995000.000,,,,,,,,,,2513000.000,0.000
IncomeLossFromContinuingOperations,,-11369000.000,,,,-14016000.000,29751000.000,-4950000.000,,,,
IncomeLossFromContinuingOperationsAttributableToNoncontrollingEntity,,-263000.000,-272000.000,,,-95000.000,435000.000,,,,,
IncomeLossFromContinuingOperationsIncludingPortionAttributableToNoncontrollingInterest,-16827000.000,-5495000.000,21817000.000,-1146000.000,-18842000.000,1314000.000,36813000.000,858000.000,-44172000.000,-2399000.000,1960000.000,-3263000.000
IncomeLossFromContinuingOperationsPerBasicShare,-0.220,-0.100,,-0.080,,-0.100,0.210,-0.030,-0.350,-0.060,-0.030,-0.060
IncomeLossFromContinuingOperationsPerDilutedShare,-0.220,-0.100,,-0.080,,-0.100,0.200,-0.030,-0.340,-0.060,-0.030,-0.060
IncomeLossFromDiscontinuedOperationsNetOfTax,-30000.000,13000.000,97000.000,638000.000,236000.000,107000.000,168000.000,-28000.000,265000.000,117000.000,605000.000,17535000.000
IncomeLossFromDiscontinuedOperationsNetOfTaxAttributableToReportingEntity,,13000.000,97000.000,,,105000.000,165000.000,-28000.000,270000.000,1121000.000,-1583000.000,
IncomeLossFromDiscontinuedOperationsNetOfTaxPerBasicShare,0.000,0.000,,0.000,,0.000,0.000,0.000,0.000,0.000,-0.010,0.120
IncomeLossFromDiscontinuedOperationsNetOfTaxPerDilutedShare,0.000,0.000,0.000,0.000,0.010,0.000,0.000,0.000,0.000,0.010,-0.010,0.120
IncomeLossFromEquityMethodInvestments,-7901000.000,-3474000.000,-1111000.000,-83000.000,-5459000.000,321000.000,12990000.000,-130000.000,-44992000.000,250000.000,755000.000,878000.000
IncreaseDecreaseInAccountsPayableAndAccruedLiabilities,,-3109000.000,,,,-9181000.000,,,,-9576000.000,,
IncreaseDecreaseInAccountsReceivable,,-3282000.000,,,,-852000.000,,,,-4223000.000,,
IncreaseDecreaseInDeferredLeasingFees,,1240000.000,,,,1289000.000,,,,1313000.000,,
IncreaseDecreaseInFairValueAdjustmentsOnAssetsAndLiabilitiesCarriedAtFairValueUnderFairValueOption,,-895000.000,,,,3640000.000,,,,2248000.000,,
IncreaseDecreaseInPrepaidDeferredExpenseAndOtherAssets,,1735000.000,,,,2811000.000,,,,2523000.000,,
IncreaseDecreaseInRestrictedCash,,-3414000.000,,,,-4697000.000,,,,,,
IncreaseInRestrictedCash,,,,,,,,,,-7878000.000,,
IncrementalCommonSharesAttributableToShareBasedPaymentArrangements,,,,2323000.000,,,,,,,,
InterestExpense,18891000.000,16688000.000,,18159000.000,,18745000.000,18561000.000,19789000.000,23236000.000,20514000.000,20602000.000,20475000.000
InterestRateCashFlowHedgeGainLossReclassifiedToEarningsNet,,-43000.000,-30000.000,-111000.000,-111000.000,-111000.000,-121000.000,-122000.000,-122000.000,-127000.000,-130000.000,
InvestmentIncomeInterest,367000.000,2000.000,,2000.000,,4000.000,6000.000,7000.000,17000.000,74000.000,65000.000,65000.000
MinorityInterestDecreaseFromDistributionsToNoncontrollingInterestHolders,,,,,,,,,,-353000.000,,
NetCashProvidedByUsedInFinancingActivities,,128708000.000,,,,156926000.000,,,,-3882000.000,,
NetCashProvidedByUsedInFinancingActivitiesContinuingOperations,,128708000.000,,,,156926000.000,,,,-3882000.000,,
NetCashProvidedByUsedInInvestingActivities,,-25722000.000,,,,-118572000.000,,,,-64629000.000,,
NetCashProvidedByUsedInInvestingActivitiesContinuingOperations,,-25722000.000,,,,-118572000.000,,,,-64629000.000,,
NetCashProvidedByUsedInOperatingActivities,,22931000.000,,,,19513000.000,,,,25906000.000,,
NetCashProvidedByUsedInOperatingActivitiesContinuingOperations,,22931000.000,,,,19513000.000,,,,25906000.000,,
NetIncomeLoss,-16239000.000,-5219000.000,,-312000.000,,1514000.000,36543000.000,917000.000,-43124000.000,-1649000.000,291000.000,14104000.000
NetIncomeLossAttributableToNoncontrollingInterest,-618000.000,-263000.000,,-196000.000,,-93000.000,438000.000,-87000.000,-783000.000,371000.000,86000.000,168000.000
NetIncomeLossAvailableToCommonStockholdersBasic,-22376000.000,-11356000.000,,-10363000.000,,-13911000.000,29916000.000,-4978000.000,-49018000.000,-7544000.000,-5604000.000,8209000.000
NetIncomeLossAvailableToCommonStockholdersDiluted,,,15777000.000,-10534000.000,,,,,,,,
NoncashProjectAbandonmentCosts,,126000.000,,,,122000.000,,,,0.000,,
OperatingIncomeLoss,9598000.000,14665000.000,,17094000.000,,19734000.000,23151000.000,20770000.000,,,21742000.000,16269000.000
OperatingLeasesIncomeStatementMinimumLeaseRevenue,41719000.000,42750000.000,,52915000.000,,54856000.000,58291000.000,58812000.000,61241000.000,59020000.000,61079000.000,60653000.000
OtherComprehensiveIncomeDerivativesQualifyingAsHedgesNetOfTaxPeriodIncreaseDecrease,851000.000,,,,,,,,,,,
OtherComprehensiveIncomeDerivativesQualifyingAsHedgesNetOfTaxPortionAttributableToNoncontrollingInterest,,-1000.000,-9000.000,-5000.000,1000.000,1000.000,3000.000,,,,2000.000,
OtherComprehensiveIncomeLossDerivativesQualifyingAsHedgesNetOfTax,,-33000.000,,-329000.000,,54000.000,183000.000,-34000.000,63000.000,14000.000,90000.000,120000.000
OtherComprehensiveIncomeUnrealizedGainLossOnDerivativesArisingDuringPeriodNetOfTax,,-33000.000,-539000.000,-329000.000,86000.000,54000.000,183000.000,-34000.000,63000.000,14000.000,90000.000,
OtherCostAndExpenseOperating,2522000.000,2665000.000,,4413000.000,,7547000.000,8655000.000,4188000.000,634000.000,3335000.000,4729000.000,3603000.000
OtherIncome,4809000.000,5251000.000,,4827000.000,,8432000.000,9534000.000,3784000.000,3283000.000,3393000.000,5605000.000,4537000.000
PaymentsForCapitalImprovements,,,,,,,,,,17465000.000,,
PaymentsForProceedsFromProductiveAssets,,28106000.000,,,,21158000.000,,,,,,
PaymentsOfCapitalDistribution,,,,,,,,,,353000.000,,
PaymentsOfDividends,,18010000.000,,,,20627000.000,,,,20647000.000,,
PaymentsOfFinancingCosts,,755000.000,,,,1025000.000,,,,1108000.000,,
PaymentsOfStockIssuanceCosts,,10119000.000,,-3446000.000,,3548000.000,,,,,,
PaymentsToAcquireRealEstate,,,,,,103982000.000,,,,51127000.000,,
PaymentsToDevelopRealEstateAssets,,,,,,,,,,100000.000,,
PercentageRent,1017000.000,1382000.000,,2956000.000,,1881000.000,2099000.000,3234000.000,4349000.000,1912000.000,2414000.000,3298000.000
PreferredStockDividendsIncomeStatementImpact,,,,,,,,,,,,5895000.000
PreferredStockRedemptionPremium,,,,,,-9266000.000,160000.000,,,,,
ProceedsFromIssuanceOfCommonStock,,221613000.000,,,,11417000.000,,,,31000.000,,
ProceedsFromIssuanceOfPreferredStockAndPreferenceStock,,,,,,,,,,0.000,,
ProceedsFromIssuanceOfSecuredDebt,,77000000.000,,,,285000000.000,,,,0.000,,
ProceedsFromPartnershipContribution,,,,,,,,,,56000.000,,
ProceedsFromRepaymentsOfLinesOfCredit,,,,,,,,,,23000000.000,,
ProceedsFromSaleOfOtherRealEstate,,210000.000,,,,3160000.000,,,,,,
ProceedsFromSaleOfRealEstate,,,,,,3320000.000,4435000.000,,,2583000.000,,
ProceedsFromStockOptionsExercised,,66000.000,,,,86000.000,,,,,,
ProfitLoss,-16857000.000,-5482000.000,,-508000.000,,1421000.000,36981000.000,830000.000,-43907000.000,-1278000.000,377000.000,14272000.000
PropertyManagementFeeRevenue,,,,1695000.000,,1827000.000,1893000.000,258000.000,262000.000,249000.000,225000.000,261000.000
ProvisionForDoubtfulAccounts,761000.000,4172000.000,,713000.000,,865000.000,,,,299000.000,,181000.000
RealEstateTaxExpense,8505000.000,8842000.000,,10368000.000,,10230000.000,11534000.000,11152000.000,11788000.000,10692000.000,12414000.000,11936000.000
RepaymentsOfLinesOfCredit,,78000000.000,,,,40000000.000,,,,,,
RepaymentsOfSecuredDebt,,74169000.000,,,,164696000.000,,,,4861000.000,,
Revenues,66737000.000,69828000.000,,87329000.000,,91047000.000,96679000.000,94735000.000,99354000.000,93173000.000,97930000.000,98334000.000
SalesRevenueNet,61928000.000,64577000.000,,82502000.000,,82615000.000,87145000.000,90951000.000,96071000.000,89780000.000,92325000.000,93797000.000
ShareBasedCompensation,,-476000.000,,,,1199000.000,,,,1484000.000,,
StockIssuedDuringPeriodValueConversionOfUnits,,1000.000,,,,,,,,,,
StockIssuedDuringPeriodValueDividendReinvestmentPlan,,27000.000,,,,20000.000,,,,15000.000,,
StockIssuedDuringPeriodValueNewIssues,,231732000.000,,,,,,,,,,
StockIssuedDuringPeriodValueStockOptionsExercised,,39000.000,,,,66000.000,,,,16000.000,,
TenantReimbursements,19192000.000,20445000.000,,26631000.000,,25878000.000,26755000.000,28905000.000,30481000.000,28848000.000,28832000.000,29846000.000
UnrealizedGainLossOnInterestRateCashFlowHedgesPretaxAccumulatedOtherComprehensiveIncomeLoss,,-76000.000,,,,-57000.000,62000.000,-156000.000,-59000.000,-113000.000,-40000.000,
WeightedAverageNumberOfDilutedSharesOutstanding,105351000.000,120271000.000,,142964000.000,,145716000.000,147420000.000,147250000.000,-293621000.000,147528000.000,147682000.000,147944000.000
WeightedAverageNumberOfSharesOutstandingBasic,102406000.000,117517000.000,,140641000.000,,143408000.000,144532000.000,145043000.000,-288464000.000,145080000.000,145234000.000,145505000.000
