,2011-03-31,2011-06-30,2011-09-30,2011-12-31,2012-03-31,2012-06-30,2012-09-30,2012-12-31,2013-03-31,2013-06-30,2013-09-30,2013-12-31,2014-03-31,2014-06-30,2014-09-30,2014-12-31,2015-03-31,2015-06-30,2015-09-30,2015-12-31,2016-03-31,2016-06-30,2016-09-30,2016-12-31,2017-03-31,2017-06-30
AssumedPremiumsEarned,,,,,,,,,,,,,385598000.000,350389000.000,354142000.000,359918000.000,382603000.000,468372000.000,456957000.000,461156000.000,456641000.000,464540000.000,471097000.000,482715000.000,498999000.000,520347000.000
AssumedPremiumsWritten,,632254000.000,133515000.000,,655688000.000,655600000.000,129166000.000,74770000.000,625101000.000,686890000.000,170451000.000,68636000.000,691405000.000,491833000.000,180511000.000,110312000.000,612765000.000,627657000.000,337861000.000,302346000.000,818957000.000,701587000.000,376736000.000,269014000.000,848682000.000,759610000.000
AvailableforsaleSecuritiesGrossRealizedGainLossExcludingOtherThanTemporaryImpairments,,3106000.000,3019000.000,,,,,,5861000.000,1319000.000,368000.000,0.000,0.000,0.000,0.000,0.000,51000.000,287000.000,0.000,-12000.000,0.000,0.000,0.000,1378000.000,,
BenefitsLossesAndExpenses,710961000.000,217184000.000,155360000.000,86348000.000,92575000.000,126349000.000,149784000.000,289135000.000,107837000.000,204436000.000,151904000.000,75267000.000,144077000.000,168952000.000,162364000.000,97820000.000,216724000.000,308413000.000,250536000.000,243053000.000,267195000.000,304116000.000,255721000.000,270417000.000,339458000.000,287331000.000
CashAndCashEquivalentsPeriodIncreaseDecrease,-25107000.000,,,,43998000.000,,,,10267000.000,,,,-80869000.000,,,,32034000.000,,,,-57736000.000,,,,32930000.000,
CededPremiumsEarned,,,,,,,,,,,,,113293000.000,104922000.000,113264000.000,122179000.000,108744000.000,110150000.000,120609000.000,127216000.000,136175000.000,151074000.000,167673000.000,173753000.000,191122000.000,194439000.000
CededPremiumsWritten,,213568000.000,36928000.000,,171576000.000,239706000.000,31324000.000,6328000.000,198605000.000,144114000.000,55408000.000,3338000.000,254913000.000,165133000.000,41279000.000,21011000.000,239543000.000,153320000.000,102822000.000,99442000.000,350458000.000,239212000.000,146002000.000,103592000.000,377954000.000,271670000.000
CombinedRatio,,,,,,,,,,,,,0.472,0.617,0.595,-1.182,0.559,0.752,0.642,-1.306,0.703,0.819,0.674,-1.471,0.884,0.713
CommonStockDividendsPerShareDeclared,0.260,0.260,0.260,0.260,0.270,0.270,0.270,0.270,0.280,,0.280,,0.290,,0.290,,0.300,0.300,0.300,0.300,0.310,0.310,0.310,0.310,0.320,0.320
ComprehensiveIncomeNetOfTax,-239261000.000,31700000.000,51074000.000,91189000.000,211407000.000,150563000.000,190946000.000,49855000.000,189177000.000,33148000.000,184992000.000,273816000.000,156430000.000,126303000.000,73321000.000,175949000.000,173364000.000,78480000.000,80391000.000,97649000.000,133147000.000,142593000.000,152704000.000,73543000.000,96456000.000,176957000.000
ComprehensiveIncomeNetOfTaxAttributableToNoncontrollingInterest,-85495000.000,21900000.000,5044000.000,25388000.000,53641000.000,33624000.000,51083000.000,9692000.000,38607000.000,14015000.000,44331000.000,54191000.000,42768000.000,36078000.000,30477000.000,44215000.000,39662000.000,12167000.000,31153000.000,28068000.000,44591000.000,30635000.000,35641000.000,16219000.000,34327000.000,37612000.000
ComprehensiveIncomeNetOfTaxIncludingPortionAttributableToNoncontrollingInterest,-324756000.000,53600000.000,56118000.000,116577000.000,265048000.000,184187000.000,242029000.000,59547000.000,227784000.000,47163000.000,229323000.000,328007000.000,199198000.000,162381000.000,103798000.000,220164000.000,213026000.000,90647000.000,111544000.000,125717000.000,177738000.000,173228000.000,188345000.000,89762000.000,130783000.000,214569000.000
DeferredPolicyAcquisitionCostAmortizationExpense,32335000.000,13883000.000,26057000.000,25101000.000,24111000.000,25608000.000,24438000.000,39385000.000,25009000.000,31767000.000,37699000.000,31026000.000,33700000.000,33477000.000,37550000.000,39749000.000,43401000.000,61666000.000,78126000.000,55399000.000,65592000.000,69005000.000,80580000.000,74146000.000,83282000.000,88251000.000
DepreciationAmortizationAndAccretionNet,10523000.000,,,,13581000.000,,,,12989000.000,,,,8305000.000,,,,4813000.000,,,,8752000.000,,,,6390000.000,
DerivativeGainLossOnDerivativeNet,,,,,,,,,,,,,-8199000.000,-6596000.000,3663000.000,-2719000.000,8613000.000,6189000.000,,,,,,,,
DerivativeInstrumentsGainLossRecognizedInIncomeNet,,-4600000.000,-17819000.000,,-27684000.000,9208000.000,17973000.000,13833000.000,20703000.000,14899000.000,10210000.000,,,,,,,,,,,,,,,
DirectPremiumsEarned,,,,,,,,,,,,,14229000.000,14949000.000,18101000.000,18748000.000,22901000.000,21606000.000,26040000.000,27635000.000,33140000.000,37936000.000,43097000.000,42939000.000,58168000.000,56357000.000
DirectPremiumsWritten,,9309000.000,6423000.000,,8463000.000,11736000.000,7193000.000,8975000.000,10317000.000,16333000.000,12198000.000,15486000.000,13855000.000,19707000.000,20481000.000,22468000.000,30813000.000,34340000.000,31781000.000,33747000.000,43176000.000,57541000.000,53488000.000,54077000.000,73408000.000,67805000.000
DividendsPreferredStock,,8750000.000,8750000.000,,8750000.000,8750000.000,8750000.000,8645000.000,6275000.000,7483000.000,5595000.000,5595000.000,5595000.000,5596000.000,5595000.000,5595000.000,5595000.000,5596000.000,5595000.000,5595000.000,5595000.000,5596000.000,5595000.000,5595000.000,5595000.000,5596000.000
EarningsPerShareBasic,-4.690,0.480,0.960,1.410,3.930,2.780,3.670,1.020,4.320,0.610,4.090,6.120,3.610,3.000,1.720,4.440,4.180,1.600,1.680,1.900,2.970,3.230,3.580,1.720,2.260,4.250
EarningsPerShareDiluted,-4.690,0.480,0.950,1.420,3.880,2.750,3.620,0.980,4.230,0.600,4.010,6.030,3.560,2.950,1.700,4.390,4.140,1.590,1.660,1.890,2.950,3.220,3.560,1.700,2.250,4.240
EffectOfExchangeRateOnCashAndCashEquivalents,2274000.000,,,,992000.000,,,,3432000.000,,,,-529000.000,,,,-9142000.000,,,,5259000.000,,,,1602000.000,
FairValueAssetsMeasuredOnRecurringBasisChangeInUnrealizedGainLossIncludedInInvestmentIncome,,5573000.000,-25612000.000,,29184000.000,-13076000.000,7939000.000,931000.000,13291000.000,-2259000.000,20169000.000,,,,,,,,,,,,,,,
FairValueAssetsMeasuredOnRecurringBasisChangeInUnrealizedGainLossIncludedInOtherIncome,,91000.000,-46116000.000,,10513000.000,8019000.000,-4882000.000,-2758000.000,11893000.000,3392000.000,-625000.000,,,,,,,,,,,,,,,
FairValueAssetsMeasuredOnRecurringBasisGainLossIncludedInInvestmentIncome,,0.000,,,,,,,,,,,,,,,,,,,,,,,,
FairValueAssetsMeasuredOnRecurringBasisGainLossIncludedInOtherIncome,,3307000.000,48393000.000,,,,,,,,,,,,,,,,,,,,,,,
FairValueMeasurementWithUnobservableInputsReconciliationRecurringBasisAssetPurchases,,20203000.000,45684000.000,,21970000.000,46834000.000,30434000.000,18574000.000,10785000.000,31675000.000,5493000.000,-1388000.000,15001000.000,10391000.000,5785000.000,2813000.000,86159000.000,6681000.000,4355000.000,8247000.000,-525000.000,-48000.000,-10127000.000,24144000.000,,
FairValueMeasurementWithUnobservableInputsReconciliationRecurringBasisAssetSales,,-6864000.000,-19860000.000,,13431000.000,91655000.000,11143000.000,2672000.000,424000.000,-50483000.000,,,0.000,,,,,,,,,,,,,
FairValueMeasurementWithUnobservableInputsReconciliationRecurringBasisAssetSettlements,,-19414000.000,-66174000.000,,-40376000.000,-10365000.000,25354000.000,40053000.000,21873000.000,117902000.000,22829000.000,-64960000.000,24353000.000,20394000.000,14205000.000,22374000.000,18946000.000,30616000.000,12236000.000,18425000.000,,7500000.000,0.000,,,
FairValueMeasurementWithUnobservableInputsReconciliationRecurringBasisAssetTransfersNet,,0.000,,,0.000,0.000,0.000,0.000,0.000,,,,,,,,,,,,,,,,,
FairValueMeasurementWithUnobservableInputsReconciliationRecurringBasisAssetTransfersOutOfLevel3,,,,,,,,,,,,,,,24644000.000,,,,,,,,,,,
ForeignCurrencyTransactionGainLossBeforeTax,660000.000,-4521000.000,-2650000.000,-400000.000,-1460000.000,2410000.000,3001000.000,1272000.000,1756000.000,-1085000.000,488000.000,758000.000,-1061000.000,2392000.000,5036000.000,-107000.000,-3130000.000,-1740000.000,616000.000,1203000.000,-1692000.000,-690000.000,-5986000.000,-5420000.000,8165000.000,3109000.000
GainLossOnInvestments,-5214000.000,34979000.000,16983000.000,23920000.000,46113000.000,31003000.000,76258000.000,10617000.000,13850000.000,-69544000.000,28472000.000,62298000.000,14927000.000,27128000.000,-31097000.000,30475000.000,41749000.000,-26712000.000,-41138000.000,-42817000.000,61653000.000,69772000.000,59870000.000,-49967000.000,43373000.000,58113000.000
GeneralAndAdministrativeExpense,2064000.000,4011000.000,3582000.000,8607000.000,4811000.000,4067000.000,3850000.000,3964000.000,4529000.000,21588000.000,4307000.000,3198000.000,4545000.000,3954000.000,3905000.000,10583000.000,45598000.000,13032000.000,7502000.000,10982000.000,8225000.000,5752000.000,11537000.000,11888000.000,5286000.000,4636000.000
GrossInvestmentIncomeOperating,,,,,,,,,,,,,,,,,,,,,32749000.000,57783000.000,55513000.000,51102000.000,58017000.000,58031000.000
ImpairmentOfInvestments,,,498000.000,,,,,,,,,,,,,,,,,,,,,,,
IncomeLossFromContinuingOperationsBeforeIncomeTaxesExtraordinaryItemsNoncontrollingInterest,,63738000.000,62587000.000,,263956000.000,184149000.000,240691000.000,59295000.000,235478000.000,48551000.000,239668000.000,317341000.000,199532000.000,162222000.000,104132000.000,220978000.000,165196000.000,89154000.000,107704000.000,134322000.000,180925000.000,179168000.000,186745000.000,83550000.000,132608000.000,218254000.000
IncomeLossFromContinuingOperationsBeforeIncomeTaxesMinorityInterestAndIncomeLossFromEquityMethodInvestments,,,,,263956000.000,184149000.000,240691000.000,59295000.000,235478000.000,48551000.000,239668000.000,317341000.000,199532000.000,162222000.000,104132000.000,220978000.000,165196000.000,89154000.000,107704000.000,134322000.000,180925000.000,179168000.000,186745000.000,83550000.000,132608000.000,218254000.000
IncomeLossFromContinuingOperationsIncludingPortionAttributableToNoncontrollingInterest,-323249000.000,65511000.000,64022000.000,119214000.000,263993000.000,183251000.000,240547000.000,58871000.000,235356000.000,48304000.000,239445000.000,316241000.000,199366000.000,162426000.000,103887000.000,220577000.000,,,,,,,,,,
IncomeLossFromContinuingOperationsPerBasicShare,-4.660,0.680,0.980,1.470,3.930,2.750,3.670,1.000,4.320,0.610,4.320,5.830,3.610,3.000,1.720,4.440,,,,,,,,,,
IncomeLossFromContinuingOperationsPerDilutedShare,-4.660,0.680,0.970,1.480,3.880,2.720,3.620,0.960,4.230,0.600,4.230,5.760,3.560,2.950,1.700,4.390,,,,,,,,,,
IncomeLossFromDiscontinuedOperationsNetOfTax,-1526000.000,-10094000.000,-965000.000,-3305000.000,-173000.000,1393000.000,-54000.000,1121000.000,0.000,0.000,-9779000.000,12201000.000,0.000,,,,,,,,,,,,,
IncomeLossFromDiscontinuedOperationsNetOfTaxPerBasicShare,-0.030,-0.200,-0.020,-0.060,-0.000,0.030,0.000,0.020,0.000,0.000,-0.230,0.290,0.000,0.000,0.000,0.000,,,,,,,,,,
IncomeLossFromDiscontinuedOperationsNetOfTaxPerDilutedShare,-0.030,-0.200,-0.020,-0.060,-0.000,0.030,0.000,0.020,0.000,0.000,-0.220,0.270,0.000,0.000,0.000,0.000,,,,,,,,,,
IncomeLossFromEquityMethodInvestments,-23753000.000,5128000.000,4794000.000,-22702000.000,5470000.000,6846000.000,4310000.000,6612000.000,5835000.000,3772000.000,7313000.000,6274000.000,4199000.000,7232000.000,9806000.000,4838000.000,5295000.000,6160000.000,5730000.000,3296000.000,1611000.000,6022000.000,-11630000.000,4960000.000,-1507000.000,5543000.000
IncomeLossFromEquityMethodInvestmentsNetOfDividendsOrDistributions,-26368000.000,,,,4933000.000,,,,6953000.000,,,,1204000.000,,,,3676000.000,,,,415000.000,,,,-24818000.000,
IncomeLossFromSubsidiariesNetOfTax,,,,,,,,,,,,,0.000,0.000,0.000,0.000,0.000,0.000,0.000,0.000,0.000,0.000,0.000,0.000,0.000,0.000
IncomeTaxExpenseBenefit,-52000.000,-1773000.000,-1435000.000,2945000.000,-37000.000,898000.000,144000.000,424000.000,122000.000,247000.000,223000.000,1100000.000,166000.000,-204000.000,245000.000,401000.000,-47904000.000,-1842000.000,-4573000.000,8453000.000,2744000.000,6612000.000,-1316000.000,-7700000.000,334000.000,3904000.000
IncreaseDecreaseInDeferredPolicyAcquisitionCosts,21008000.000,,,,27441000.000,,,,25292000.000,,,,40206000.000,,,,35914000.000,,,,87911000.000,,,,53356000.000,
IncreaseDecreaseInDueToRelatedParties,,,,,,,,,,,,,,,,,0.000,,,,0.000,,,,0.000,
IncreaseDecreaseInOtherOperatingCapitalNet,42646000.000,,,,-26020000.000,,,,49915000.000,,,,215665000.000,,,,158812000.000,,,,10131000.000,,,,59412000.000,
IncreaseDecreaseInPremiumsReceivable,252467000.000,,,,232054000.000,,,,163003000.000,,,,194701000.000,,,,193690000.000,,,,316107000.000,,,,295952000.000,
IncreaseDecreaseInPrepaidReinsurancePremiums,65079000.000,,,,85168000.000,,,,93134000.000,,,,141620000.000,,,,130801000.000,,,,214283000.000,,,,186831000.000,
IncreaseDecreaseInReinsurancePayables,-61361000.000,,,,28324000.000,,,,90520000.000,,,,175622000.000,,,,35995000.000,,,,94370000.000,,,,298283000.000,
IncreaseDecreaseInReinsuranceRecoverable,,,,,-124631000.000,,,,-29564000.000,,,,-2063000.000,,,,12274000.000,,,,32702000.000,,,,46255000.000,
IncreaseDecreaseInUnearnedPremiums,213982000.000,,,,299078000.000,,,,258692000.000,,,,305433000.000,,,,238075000.000,,,,372352000.000,,,,364922000.000,
IncreaseDecreaseInUnearnedPremiumsNet,,,,,,,,,,,,,-163813000.000,-85991000.000,99266000.000,144718000.000,-107275000.000,-128849000.000,95568000.000,124924000.000,-158069000.000,-168514000.000,62299000.000,132402000.000,-178091000.000,-173480000.000
IncrementalCommonSharesAttributableToShareBasedPaymentArrangements,,,,,604000.000,734000.000,725000.000,-1333000.000,829000.000,871000.000,805000.000,-1726000.000,665000.000,659000.000,458000.000,-1239000.000,390000.000,354000.000,349000.000,-724000.000,335000.000,192000.000,220000.000,-502000.000,215000.000,87000.000
IncurredClaimsPropertyCasualtyAndLiability,628537000.000,,,,,,,,,,,,,,,,,,,,,,,,,
InterestAndDividendIncomeOperating,,,,,,,,,,,62653000.000,,41782000.000,37353000.000,27849000.000,28671000.000,42809000.000,42227000.000,31917000.000,49814000.000,,,,,,
InterestExpense,6195000.000,5730000.000,5722000.000,5721000.000,5718000.000,5716000.000,5891000.000,5772000.000,5034000.000,4300000.000,4298000.000,4297000.000,4293000.000,4292000.000,4290000.000,4289000.000,5251000.000,9698000.000,10362000.000,10359000.000,10538000.000,10536000.000,10536000.000,10534000.000,10526000.000,10091000.000
InvestmentIncomeInvestmentExpense,,2756000.000,2526000.000,,2701000.000,2724000.000,3204000.000,3178000.000,2940000.000,2836000.000,2722000.000,3067000.000,2834000.000,2812000.000,2908000.000,2785000.000,3102000.000,3623000.000,3579000.000,3896000.000,3886000.000,3659000.000,4090000.000,3786000.000,3692000.000,3868000.000
LiabilityForUnpaidClaimsAndClaimsAdjustmentExpenseClaimsPaidCurrentYear1,,,,,,,,,,,,,,,,,,,,,,,,,7729000.000,
LiabilityForUnpaidClaimsAndClaimsAdjustmentExpenseClaimsPaidPriorYears1,,,,,,,,,,,,,,,,,,,,,,,,,147500000.000,
LiabilityForUnpaidClaimsAndClaimsAdjustmentExpenseForeignCurrencyTranslationGainLoss,,,,,,,,,,,,,,,,,,,,,,,,,2287000.000,
LiabilityForUnpaidClaimsAndClaimsAdjustmentExpenseIncurredClaims,,,,,15552000.000,49551000.000,73215000.000,186893000.000,27251000.000,103962000.000,60928000.000,-20854000.000,58915000.000,81388000.000,69647000.000,,,,,,,,,,,
LiabilityForUnpaidClaimsAndClaimsAdjustmentExpenseIncurredClaims1,,,,,,,,,,,,,,,,,76853000.000,169344000.000,100028000.000,102013000.000,126605000.000,167750000.000,112575000.000,123901000.000,193081000.000,142587000.000
LiabilityForUnpaidClaimsAndClaimsAdjustmentExpenseIncurredClaimsCurrentYear,,,,,71424000.000,94997000.000,93539000.000,223220000.000,64900000.000,130789000.000,68154000.000,51398000.000,75608000.000,98471000.000,94987000.000,,,,,,,,,,,
LiabilityForUnpaidClaimsAndClaimsAdjustmentExpenseIncurredClaimsPriorYears,,,,,-55872000.000,-45446000.000,-20324000.000,-36327000.000,-37649000.000,-26827000.000,-7226000.000,-72252000.000,-16693000.000,-17083000.000,-25340000.000,,,,,,,,,,,
LiabilityForUnpaidClaimsAndClaimsAdjustmentExpensePeriodIncreaseDecrease,,,,,134151000.000,,,,123594000.000,,,,30847000.000,,,,28787000.000,,,,-44478000.000,,,,-86394000.000,
LossRatio,,,,,,,,,,,,,0.206,0.313,0.269,-0.602,0.259,0.446,0.276,-0.661,0.358,0.477,0.325,-0.782,0.527,0.373
MinorityInterestInNetIncomeLossOtherMinorityInterests,,21903000.000,5044000.000,,53641000.000,33624000.000,51083000.000,9692000.000,38607000.000,14015000.000,44331000.000,,,,,,,,,,,,,,,
NetCashProvidedByUsedInDiscontinuedOperations,,,,,,,,,,,,,0.000,,,,,,,,,,,,,
NetCashProvidedByUsedInFinancingActivities,-320950000.000,,,,61875000.000,,,,-341540000.000,,,,-428173000.000,,,,97777000.000,,,,-154420000.000,,,,-160815000.000,
NetCashProvidedByUsedInFinancingActivitiesContinuingOperations,-320950000.000,,,,61875000.000,,,,-341540000.000,,,,-428173000.000,,,,97777000.000,,,,-154420000.000,,,,-160815000.000,
NetCashProvidedByUsedInInvestingActivities,299866000.000,,,,-189973000.000,,,,219873000.000,,,,301194000.000,,,,62004000.000,,,,101132000.000,,,,-28896000.000,
NetCashProvidedByUsedInInvestingActivitiesContinuingOperations,299866000.000,,,,-189973000.000,,,,219873000.000,,,,301194000.000,,,,62004000.000,,,,101132000.000,,,,-28896000.000,
NetCashProvidedByUsedInOperatingActivities,-6297000.000,,,,171104000.000,,,,128502000.000,,,,46639000.000,,,,-118605000.000,,,,-9707000.000,,,,221039000.000,
NetCashProvidedByUsedInOperatingActivitiesContinuingOperations,-6297000.000,,,,171104000.000,,,,128502000.000,,,,46639000.000,,,,-118605000.000,,,,-9707000.000,,,,221039000.000,
NetIncomeLoss,-239283000.000,33514000.000,58013000.000,90521000.000,210179000.000,151020000.000,189410000.000,50300000.000,196749000.000,34289000.000,185335000.000,274251000.000,156598000.000,126348000.000,73410000.000,176362000.000,173438000.000,78829000.000,81124000.000,97801000.000,133590000.000,141921000.000,152420000.000,75031000.000,97947000.000,176738000.000
NetIncomeLossAttributableToNoncontrollingInterest,-85492000.000,21903000.000,5044000.000,25388000.000,53641000.000,33624000.000,51083000.000,9692000.000,38607000.000,14015000.000,44331000.000,54191000.000,42768000.000,36078000.000,30477000.000,44215000.000,39662000.000,12167000.000,31153000.000,28068000.000,44591000.000,30635000.000,35641000.000,16219000.000,34327000.000,37612000.000
NetIncomeLossAttributableToRedeemableNoncontrollingInterest,,,,,,,,,,,,,42768000.000,36078000.000,30477000.000,44215000.000,39662000.000,12167000.000,31153000.000,28068000.000,44591000.000,30635000.000,35641000.000,16219000.000,34327000.000,37612000.000
NetIncomeLossAvailableToCommonStockholdersBasic,-248033000.000,24764000.000,49263000.000,81771000.000,201429000.000,142270000.000,180660000.000,41655000.000,190474000.000,26806000.000,179740000.000,268656000.000,151003000.000,120752000.000,67815000.000,170767000.000,167843000.000,73233000.000,75529000.000,92206000.000,127995000.000,136325000.000,146825000.000,69436000.000,92352000.000,171142000.000
NetInvestmentIncome,60281000.000,33328000.000,-27940000.000,52331000.000,66971000.000,14743000.000,45164000.000,40497000.000,43615000.000,27324000.000,59931000.000,77158000.000,38948000.000,34541000.000,24941000.000,25886000.000,39707000.000,38604000.000,28338000.000,45918000.000,28863000.000,54124000.000,51423000.000,47316000.000,54325000.000,54163000.000
NoncontrollingInterestInNetIncomeLossOtherNoncontrollingInterestsRedeemable,,,,,,,,,,,,,42768000.000,36078000.000,30477000.000,44215000.000,39662000.000,12167000.000,31153000.000,28068000.000,44591000.000,30635000.000,35641000.000,16219000.000,34327000.000,37612000.000
OperatingExpenses,,,,,,,,,,,,,,,,,45621000.000,54673000.000,54518000.000,64300000.000,56235000.000,51073000.000,40493000.000,49948000.000,47283000.000,41766000.000
OtherComprehensiveIncomeAvailableforsaleSecuritiesAdjustmentNetOfTaxPortionAttributableToNoncontrollingInterest,,,,,0.000,0.000,0.000,0.000,,,,,,,,,,,,,,,,,,
OtherComprehensiveIncomeAvailableforsaleSecuritiesAdjustmentNetOfTaxPortionAttributableToParent,,,,,-1255000.000,432000.000,-1536000.000,445000.000,7572000.000,1141000.000,343000.000,435000.000,-168000.000,-45000.000,-89000.000,1017000.000,74000.000,349000.000,733000.000,152000.000,443000.000,-672000.000,-284000.000,1488000.000,,
OtherComprehensiveIncomeLossBeforeReclassificationsNetOfTax,,,,,,,,,,,,,-168000.000,-45000.000,-89000.000,-413000.000,-23000.000,-62000.000,-733000.000,-164000.000,,,,,,
OtherComprehensiveIncomeLossReclassificationAdjustmentFromAOCIForSaleOfSecuritiesNetOfTax,,,,,,,,,,,,,,,,,-51000.000,287000.000,,,,,,,,
OtherComprehensiveIncomeUnrealizedGainLossOnDerivativesArisingDuringPeriodNetOfTax,,,,,,,,,,-1319000.000,-368000.000,,,,,,,,,,,,,,,
OtherComprehensiveIncomeUnrealizedHoldingGainLossOnSecuritiesArisingDuringPeriodNetOfTax,19000.000,-1817000.000,-6890000.000,697000.000,1255000.000,-432000.000,1536000.000,-445000.000,-7572000.000,-1141000.000,-343000.000,-435000.000,-168000.000,-45000.000,-89000.000,-413000.000,-74000.000,-349000.000,-733000.000,-152000.000,-443000.000,672000.000,284000.000,-1488000.000,-1491000.000,219000.000
OtherCostAndExpenseOperating,41830000.000,42299000.000,42169000.000,43368000.000,42383000.000,41407000.000,42390000.000,53121000.000,46014000.000,42819000.000,44672000.000,57600000.000,42624000.000,45841000.000,46972000.000,,,,,,,,,,,
OtherIncome,50145000.000,-5167000.000,-2015000.000,-43648000.000,-39094000.000,11289000.000,,,,,,,,,,,,,,,,,,,,
OtherOperatingIncomeExpenseNet,,,,,,,-881000.000,,7004000.000,631000.000,651000.000,-10645000.000,62000.000,-535000.000,-1169000.000,1219000.000,1539000.000,1427000.000,2306000.000,8200000.000,4079000.000,2654000.000,2268000.000,5177000.000,1665000.000,2392000.000
OtherThanTemporaryImpairmentCreditLossesRecognizedInEarningsAdditionsAdditionalCreditLosses,,,134000.000,,9000.000,41000.000,0.000,60000.000,0.000,0.000,0.000,0.000,,,,,,,,,,,,,,
OtherThanTemporaryImpairmentCreditLossesRecognizedInEarningsAdditionsNoPreviousImpairment,,,30000.000,,0.000,11000.000,0.000,-3000.000,0.000,0.000,0.000,0.000,,,,,,,,,,,,,,
OtherThanTemporaryImpairmentCreditLossesRecognizedInEarningsReductionsCashFlows,,,,,0.000,0.000,0.000,0.000,0.000,0.000,0.000,0.000,,,,,,,,,,,,,,
OtherThanTemporaryImpairmentCreditLossesRecognizedInEarningsReductionsChangeInStatus,,,,,0.000,0.000,0.000,0.000,0.000,0.000,0.000,0.000,,,,,,,,,,,,,,
OtherThanTemporaryImpairmentCreditLossesRecognizedInEarningsReductionsSecuritiesSold,,-246000.000,-2256000.000,,53000.000,396000.000,51000.000,1150000.000,27000.000,20000.000,38000.000,192000.000,16000.000,16000.000,15000.000,16000.000,13000.000,19000.000,26000.000,23000.000,,,,,,
OtherThanTemporaryImpairmentLossesInvestmentsAvailableforsaleSecurities,,,,,161000.000,234000.000,0.000,0.000,0.000,0.000,0.000,0.000,,,,,,,,,,,,,,
OtherThanTemporaryImpairmentLossesInvestmentsPortionInOtherComprehensiveIncomeLossBeforeTaxIncludingPortionAttributableToNoncontrollingInterestAvailableforsaleSecurities,,,49000.000,,27000.000,25000.000,0.000,0.000,0.000,0.000,0.000,0.000,0.000,,,,0.000,,,,,,,,,
OtherThanTemporaryImpairmentLossesInvestmentsPortionInOtherComprehensiveIncomeLossBeforeTaxPortionAttributableToParentAvailableforsaleSecurities,,,49000.000,,,,,,,,,,,,,,,,,,,,,,,
OtherThanTemporaryImpairmentLossesInvestmentsPortionRecognizedInEarningsNetAvailableforsaleSecurities,,,449000.000,,134000.000,209000.000,0.000,0.000,0.000,0.000,0.000,0.000,0.000,,,,0.000,,,,,,,,,
ParticipatingSecuritiesDistributedAndUndistributedEarnings,,461000.000,911000.000,,,,,,,,,,,,,,,,,,,,,,,
PaymentsForLossesAndLossAdjustmentExpense,,,,,,,,,,,,,,,,,,,,,,,,,155229000.000,
PaymentsForProceedsFromOtherInvestingActivities,-47400000.000,,,,-125000.000,,,,0.000,,,,,,,,2500000.000,,,,0.000,,,,,
PaymentsForRepurchaseOfCommonStock,174792000.000,,,,3635000.000,,,,111299000.000,,,,262736000.000,,,,446000.000,,,,85166000.000,,,,80009000.000,
PaymentsForRepurchaseOfRedeemableNoncontrollingInterest,,,,,-88146000.000,,,,114154000.000,,,,147943000.000,,,,180285000.000,,,,50374000.000,,,,51166000.000,
PaymentsOfDividendsCommonStock,13361000.000,,,,13886000.000,,,,12329000.000,,,,11899000.000,,,,13720000.000,,,,13285000.000,,,,13027000.000,
PaymentsOfDividendsPreferredStockAndPreferenceStock,8750000.000,,,,8750000.000,,,,6275000.000,,,,5595000.000,,,,5595000.000,,,,5595000.000,,,,5595000.000,
PaymentsRelatedToTaxWithholdingForShareBasedCompensation,,,,,,,,,,,,,,,,,,,,,,,,,11018000.000,
PaymentsToAcquireAdditionalInterestInSubsidiaries,,,,,,,,,,,,,,,,,0.000,,,,,,,,,
PaymentsToAcquireAvailableForSaleSecurities,13000.000,,,,,,,,,,,,,,,,,,,,,,,,,
PaymentsToAcquireBusinessesNetOfCashAcquired,,,,,,,,,,,,,,,,,678152000.000,,,,0.000,,,,,
PaymentsToAcquireEquityMethodInvestments,,,,,0.000,,,,,,,,-915000.000,,,,126000.000,,,,0.000,,,,,
PaymentsToAcquireInterestInSubsidiariesAndAffiliates,,,,,,,,,,,,,0.000,,,,,,,,0.000,,,,0.000,
PaymentsToAcquireTradingSecuritiesHeldforinvestment,,,,,2551249000.000,,,,2075088000.000,,,,1768996000.000,,,,1490123000.000,,,,2656283000.000,,,,3007124000.000,
PolicyholderBenefitsAndClaimsIncurredGross,,164670000.000,179664000.000,,-15282000.000,70101000.000,83189000.000,265483000.000,33998000.000,116995000.000,66712000.000,-32566000.000,68150000.000,97064000.000,76973000.000,-13606000.000,88995000.000,222819000.000,121744000.000,111414000.000,161998000.000,224852000.000,153846000.000,169955000.000,251804000.000,189903000.000
PolicyholderBenefitsAndClaimsIncurredNet,,151261000.000,77830000.000,,,49551000.000,73215000.000,,27251000.000,103962000.000,60928000.000,-20854000.000,58915000.000,81388000.000,69647000.000,-12003000.000,76853000.000,169344000.000,100028000.000,102013000.000,126605000.000,167750000.000,112575000.000,123901000.000,193081000.000,142587000.000
PreferredStockDividends,8750000.000,,,,,,,,,,,,,,,,,,,,,,,,,
PremiumsEarnedNet,305541000.000,217175000.000,229224000.000,199109000.000,278665000.000,244416000.000,262623000.000,283651000.000,271255000.000,291889000.000,294717000.000,256765000.000,286534000.000,260416000.000,258979000.000,256487000.000,296760000.000,379828000.000,362388000.000,361575000.000,353606000.000,351402000.000,346521000.000,351901000.000,366045000.000,382265000.000
PremiumsWrittenGross,,,,,,,,,,,,,705260000.000,511540000.000,200992000.000,132780000.000,643578000.000,661997000.000,369642000.000,336093000.000,862133000.000,759128000.000,430224000.000,323091000.000,922090000.000,827415000.000
PremiumsWrittenNet,452575000.000,427995000.000,103010000.000,29193000.000,492575000.000,427630000.000,105035000.000,77417000.000,436813000.000,559109000.000,127241000.000,80784000.000,450347000.000,346407000.000,159713000.000,111769000.000,404035000.000,508677000.000,266820000.000,236651000.000,511675000.000,519916000.000,284222000.000,219499000.000,544136000.000,555745000.000
ProceedsFromContributionsFromAffiliates,,,,,0.000,,,,0.000,,,,0.000,,,,0.000,,,,0.000,,,,0.000,
ProceedsFromDivestitureOfBusinessesAndInterestsInAffiliates,269520000.000,,,,0.000,,,,,,,,,,,,,,,,,,,,,
ProceedsFromIssuanceOfDebt,,,,,,,,,,,,,,,,,,,,,0.000,,,,,
ProceedsFromMinorityShareholders,,100000.000,,,,,,,,,,,,,,,,,,,,,,,,
ProceedsFromPaymentsForOtherFinancingActivities,-124047000.000,,,,,,,,,,,,,,,,,,,,,,,,,
ProceedsFromPaymentsForTradingSecurities,,,,,0.000,,,,67073000.000,,,,-279000.000,,,,50627000.000,,,,119369000.000,,,,13747000.000,
ProceedsFromRepaymentsOfDebt,,,,,,,,,-97483000.000,,,,0.000,,,,297823000.000,,,,,,,,,
ProceedsFromSaleAndMaturityOfAvailableForSaleSecurities,13997000.000,,,,20385000.000,,,,37699000.000,,,,4090000.000,,,,1757000.000,,,,3662000.000,,,,0.000,
ProceedsFromSaleAndMaturityOfTradingSecuritiesHeldforinvestment,,,,,2656296000.000,,,,2349666000.000,,,,1996035000.000,,,,2075678000.000,,,,2540073000.000,,,,2682386000.000,
ProfitLoss,-324775000.000,55417000.000,63057000.000,115909000.000,263820000.000,184644000.000,240493000.000,59992000.000,235356000.000,48304000.000,229666000.000,328442000.000,199366000.000,162426000.000,103887000.000,220577000.000,213100000.000,90996000.000,112277000.000,125869000.000,178181000.000,172556000.000,188061000.000,91250000.000,132274000.000,214350000.000
RealizedInvestmentGainsLosses,-412000.000,,,,,,,,,,,,,,,,,,,,,,,,,
ReclassificationFromAccumulatedOtherComprehensiveIncomeCurrentPeriodNetOfTax,,,,,,,,,,,,,,,,,-74000.000,,,,,,,,,
ReinsuranceCostsAndRecoveriesNet,,13409000.000,101834000.000,,270000.000,20550000.000,9974000.000,47486000.000,6747000.000,13033000.000,5784000.000,-11712000.000,9235000.000,15676000.000,7326000.000,-1603000.000,12142000.000,53475000.000,21716000.000,9401000.000,35393000.000,57102000.000,41271000.000,46054000.000,58723000.000,47316000.000
Revenues,387660000.000,280922000.000,217947000.000,208507000.000,356531000.000,310498000.000,390475000.000,348430000.000,343315000.000,252987000.000,391572000.000,392608000.000,343609000.000,331174000.000,266496000.000,318798000.000,381920000.000,397567000.000,358240000.000,377375000.000,448120000.000,483284000.000,442466000.000,353967000.000,472066000.000,505585000.000
SalesRevenueNet,277646000.000,243029000.000,247902000.000,199824000.000,328654000.000,284466000.000,345311000.000,307933000.000,299700000.000,225663000.000,331641000.000,315450000.000,304661000.000,296633000.000,241555000.000,292912000.000,342213000.000,358963000.000,329902000.000,331457000.000,419257000.000,429160000.000,391043000.000,306651000.000,417741000.000,451422000.000
StockRepurchasedDuringPeriodShares,,,,,50620.000,,,,,,,,,,,,,,,,,,,,,
StockRepurchasedDuringPeriodValue,,,,,-3600000.000,,,,,,,,,,,,,,,,,,,,,
SupplementalInformationForPropertyCasualtyInsuranceUnderwritersCurrentYearClaimsAndClaimsAdjustmentExpense,,,,,,,,,,,,,,,,,98998000.000,202420000.000,170378000.000,138889000.000,128209000.000,197005000.000,158360000.000,211383000.000,164075000.000,187691000.000
SupplementalInformationForPropertyCasualtyInsuranceUnderwritersPriorYearClaimsAndClaimsAdjustmentExpense,,,,,,,,,,,,,,,,,-22145000.000,-33076000.000,-70350000.000,-36876000.000,-1604000.000,-29255000.000,-45785000.000,-87482000.000,29006000.000,-45104000.000
TradingSecuritiesUnrealizedHoldingGain,,24728000.000,-13007000.000,,,,,,,,,,,,,,,,,,,,,,,
TreasuryStockAcquiredAverageCostPerShare,,,,,71.810,,,,,,,,,,,,,,,,,,,,,
UnderwritingExpenseRatio,,,,,,,,,,,,,0.266,0.304,0.326,-0.580,0.300,0.306,0.366,-0.645,0.345,0.342,0.349,-0.689,0.357,0.340
UnderwritingIncomeLoss,,9732000.000,,,,,,,,,,,,,,,,,,,,,,,,
UndistributedEarnings,,,,,198025000.000,140034000.000,177873000.000,41109000.000,187556000.000,26430000.000,177201000.000,264969000.000,148972000.000,119195000.000,66911000.000,168499000.000,165818000.000,72414000.000,74662000.000,91196000.000,126394000.000,134764000.000,145055000.000,68702000.000,91445000.000,169557000.000
UndistributedEarningsAllocatedToParticipatingSecurities,,,,,3404000.000,2236000.000,2787000.000,546000.000,2918000.000,376000.000,2539000.000,3687000.000,2031000.000,1557000.000,904000.000,,,,,,,,,,,
UndistributedEarningsLossAllocatedToParticipatingSecuritiesBasic,,,,,,,,,,,,,,,,,2025000.000,819000.000,867000.000,1010000.000,1601000.000,1561000.000,1770000.000,734000.000,907000.000,1585000.000
UnrealizedGainLossOnInvestments,28067000.000,,,,36061000.000,,,,13102000.000,,,,4980000.000,,,,4885000.000,,,,-15362000.000,,,,6863000.000,
UnrealizedGainLossOnSecurities,56820000.000,,,,18563000.000,,,,9776000.000,,,,0.000,,,,,,,,,,,,,
WeightedAverageNumberDilutedSharesOutstandingAdjustment,,557.000,472.000,,,,,,,,,,,,,,,,,,,,,,,
WeightedAverageNumberOfDilutedSharesOutstanding,,51050.000,50973.000,,50981000.000,51012000.000,49119000.000,-101509000.000,44290000.000,44243000.000,44135000.000,-88540000.000,41903000.000,40395000.000,39433000.000,-81763000.000,40021000.000,45657000.000,44913000.000,-87065000.000,42912000.000,41885000.000,40733000.000,-83971000.000,40623000.000,40024000.000
WeightedAverageNumberOfSharesOutstandingBasic,,50493.000,50501.000,,50377000.000,50278000.000,48394000.000,-100176000.000,43461000.000,43372000.000,43330000.000,-86814000.000,41238000.000,39736000.000,38975000.000,-80524000.000,39631000.000,45303000.000,44564000.000,-86341000.000,42577000.000,41693000.000,40513000.000,-83469000.000,40408000.000,39937000.000
