,2011-03-31,2011-06-30,2011-09-30,2011-12-31,2012-03-31,2012-06-30,2012-09-30,2012-12-31,2013-03-31,2013-06-30,2013-09-30,2013-12-31,2014-03-31,2014-06-30,2014-09-30,2014-12-31,2015-03-31,2015-06-30,2015-09-30,2015-12-31,2016-03-31,2016-06-30,2016-09-30,2016-12-31,2017-03-31
AdjustmentsNoncashItemsToReconcileNetIncomeLossToCashProvidedByUsedInOperatingActivitiesOther,625000.000,,,,,,,,,,,,,,,,,,,,,,,,
AdjustmentsToAdditionalPaidInCapitalSharebasedCompensationRequisiteServicePeriodRecognitionValue,2777000.000,,,,1878000.000,,,,1245000.000,,,,1409000.000,,,,2906000.000,,,,7228000.000,,,,10275000.000
BusinessCombinationAcquisitionRelatedCosts,,,,,,,,,,,,,,3338000.000,26118000.000,,1604000.000,2092000.000,2087000.000,2681000.000,425000.000,896000.000,306000.000,56000.000,22000.000
BusinessCombinationIntegrationRelatedCosts,,,,,,,,,,,,,,1942000.000,,,,,,,,,,,
BusinessDevelopment,,,,,25901000.000,9240000.000,,,307000.000,275000.000,89000.000,0.000,9512000.000,,,,,,,,,,,,
CapitalExpendituresIncurredButNotYetPaid,,,,,,,,,,,,,,,,,,,,,,,,,34666000.000
CashAcquiredFromAcquisition,,,,,,,,,,,,,,,,,,,,,3446000.000,,,,
CashAndCashEquivalentsPeriodIncreaseDecrease,106506000.000,,,,18928000.000,,,,11866000.000,,,,-6636000.000,,,,-52285000.000,,,,-141167000.000,,,,5380000.000
CommonStockDividendsPerShareCashPaid,0.400,0.400,0.400,,0.400,0.400,0.400,,0.400,0.400,0.400,,0.400,0.400,0.400,,0.400,0.400,0.400,,0.400,0.400,0.420,,0.420
ComprehensiveIncomeNetOfTax,-18600000.000,,,,-35771000.000,38102000.000,66082000.000,-6218000.000,-26618000.000,39999000.000,75384000.000,94627000.000,-20248000.000,60124000.000,52603000.000,1077000.000,5562000.000,75847000.000,117616000.000,90304000.000,46783000.000,119817000.000,161036000.000,72685000.000,44596000.000
ComprehensiveIncomeNetOfTaxAttributableToNoncontrollingInterest,,,,,938000.000,1060000.000,750000.000,-1737000.000,1488000.000,262000.000,205000.000,-3791000.000,-1534000.000,104000.000,93000.000,-11000.000,35000.000,43000.000,37000.000,46000.000,92000.000,63000.000,19000.000,-55000.000,-26000.000
ComprehensiveIncomeNetOfTaxIncludingPortionAttributableToNoncontrollingInterest,,41101000.000,50091000.000,,,39162000.000,66832000.000,,-28106000.000,40261000.000,75589000.000,93812000.000,-21782000.000,60228000.000,52696000.000,1066000.000,5597000.000,75890000.000,117653000.000,90350000.000,46875000.000,119880000.000,161055000.000,72630000.000,44570000.000
CostOfGoodsAndServicesSold,335403000.000,396501000.000,423291000.000,256613000.000,370150000.000,443629000.000,470317000.000,427655000.000,372413000.000,455906000.000,522212000.000,441063000.000,402794000.000,533623000.000,808130000.000,691044000.000,617086000.000,721266000.000,819744000.000,659707000.000,644100000.000,730597000.000,811333000.000,723753000.000,696792000.000
CostOfGoodsSold,285135000.000,330256000.000,352520000.000,250035000.000,326708000.000,389132000.000,415556000.000,381411000.000,332563000.000,401912000.000,457349000.000,387437000.000,353843000.000,466335000.000,722349000.000,614208000.000,557615000.000,650096000.000,742713000.000,595925000.000,589326000.000,668735000.000,745776000.000,663964000.000,644617000.000
DeferredIncomeTaxExpenseBenefit,3350000.000,,,,-722000.000,,,,3393000.000,,,,-5063000.000,,,,27774000.000,,,,17988000.000,,,,2827000.000
DepreciationDepletionAndAmortization,43294000.000,,,,44398000.000,,,,43043000.000,,,,42466000.000,,,,67268000.000,,,,68410000.000,,,,70376000.000
DiscontinuedOperationGainLossFromDisposalOfDiscontinuedOperationBeforeIncomeTax,,,,,-354000.000,,,,,,,,,,,,,,,,,,,,
DiscontinuedOperationIncomeLossFromDiscontinuedOperationBeforeIncomeTax,,,,,,,-252000.000,,,337000.000,,,,,,,,,,,,,,,
DiscontinuedOperationIncomeLossFromDiscontinuedOperationDuringPhaseOutPeriodBeforeIncomeTax,,5000.000,385000.000,,-339000.000,342000.000,-252000.000,651000.000,127000.000,337000.000,,,,,,,,,,,,,,,
DiscontinuedOperationTaxEffectOfDiscontinuedOperation,-12000.000,1000.000,138000.000,2081000.000,-101000.000,26000.000,-134000.000,-111000.000,-27000.000,83000.000,185000.000,-658000.000,1000.000,-24000.000,28000.000,35000.000,,,,,,,,,
DiscontinuedOperationTaxEffectOfIncomeLossFromDiscontinuedOperationDuringPhaseOutPeriod,,1000.000,138000.000,,,,,,,,,,,,,,,,,,,,,,
DisposalGroupIncludingDiscontinuedOperationRevenue,,45000.000,27000.000,,-356000.000,,,,,,,,,,,,,,,,,,,,
DividendsCommonStockCash,18400000.000,,,,18420000.000,,,,18503000.000,,,,18604000.000,,,,28354000.000,,,,25847000.000,,,,26560000.000
EarningsPerShareBasic,-0.390,0.780,1.070,0.330,-0.810,0.800,1.360,0.480,-0.610,0.890,1.550,0.790,-0.470,1.280,0.800,1.120,0.070,1.230,1.750,1.260,0.700,1.910,2.500,1.550,0.670
EarningsPerShareDiluted,-0.390,0.780,1.070,0.320,,0.800,1.360,,-0.610,0.890,1.540,0.790,-0.470,1.270,0.790,1.120,0.070,1.220,1.740,1.260,0.690,1.900,2.490,1.550,0.670
EffectiveIncomeTaxRateContinuingOperations,,,,,0.210,,,,0.224,,,,0.267,,,,-0.152,,,,0.304,,,,0.256
ExcessTaxBenefitFromShareBasedCompensationFinancingActivities,268000.000,,,,288000.000,,,,629000.000,,,,636000.000,,,,109000.000,,,,1278000.000,,,,
ExcessTaxBenefitFromShareBasedCompensationOperatingActivities,268000.000,,,,288000.000,,,,629000.000,,,,636000.000,,,,109000.000,,,,1278000.000,,,,
GainLossOnDispositionOfAssets,,,,,-447000.000,,,,662000.000,,,,1106000.000,,,,1576000.000,,,,100000.000,,,,-73000.000
GoodwillPurchaseAccountingAdjustments,,,,,58000.000,2145000.000,-2888000.000,218000.000,,,,,,,,,,,,,,,,,61000.000
GrossProfit,21109000.000,96451000.000,111465000.000,72990000.000,23829000.000,102088000.000,123584000.000,76415000.000,12587000.000,106776000.000,143108000.000,101486000.000,25835000.000,135602000.000,195593000.000,165330000.000,74261000.000,200153000.000,262505000.000,184848000.000,144634000.000,246701000.000,292568000.000,225063000.000,147067000.000
IncomeLossFromContinuingOperations,-17380000.000,35795000.000,48909000.000,11098000.000,-36140000.000,36435000.000,63040000.000,21575000.000,-27739000.000,41054000.000,72107000.000,36664000.000,-21603000.000,59577000.000,53812000.000,63852000.000,6126000.000,81938000.000,117544000.000,83184000.000,44994000.000,122052000.000,,,42334000.000
IncomeLossFromContinuingOperationsBeforeIncomeTaxesExtraordinaryItemsNoncontrollingInterest,,,,,,,,,,,,,,,,,,120908000.000,165061000.000,,64765000.000,175548000.000,230347000.000,136368000.000,56835000.000
IncomeLossFromContinuingOperationsBeforeIncomeTaxesMinorityInterestAndIncomeLossFromEquityMethodInvestments,-24047000.000,48934000.000,63459000.000,12256000.000,-46956000.000,46049000.000,77251000.000,26569000.000,-37676000.000,56339000.000,95224000.000,50339000.000,-31562000.000,83586000.000,97992000.000,99162000.000,5347000.000,,,,,,,,
IncomeLossFromContinuingOperationsIncludingPortionAttributableToNoncontrollingInterest,-17663000.000,35850000.000,50085000.000,11344000.000,-37081000.000,37492000.000,63787000.000,21765000.000,-29229000.000,41313000.000,72309000.000,35788000.000,-23138000.000,59680000.000,53903000.000,63886000.000,6159000.000,81979000.000,117578000.000,83222000.000,45055000.000,122113000.000,159478000.000,98798000.000,42307000.000
IncomeLossFromContinuingOperationsPerBasicShare,-0.390,0.780,1.070,0.240,-0.800,0.790,1.360,0.490,-0.610,0.880,1.560,0.810,-0.470,1.280,0.800,1.120,0.070,1.230,1.750,1.260,,,,,
IncomeLossFromContinuingOperationsPerDilutedShare,-0.390,0.780,1.070,0.230,,0.790,1.360,,-0.610,0.880,1.550,0.810,-0.470,1.270,0.790,1.120,0.070,1.220,1.740,1.260,,,,,
IncomeLossFromDiscontinuedOperationsNetOfTax,,,,,,,,,,,,,-15000.000,-56000.000,-69000.000,103000.000,,,,,,,,,
IncomeLossFromDiscontinuedOperationsNetOfTaxAttributableToReportingEntity,-34000.000,4000.000,247000.000,3740000.000,-592000.000,316000.000,-118000.000,-42000.000,-100000.000,254000.000,-271000.000,-632000.000,-15000.000,-56000.000,-69000.000,103000.000,,,,,,,,,
IncomeLossFromDiscontinuedOperationsNetOfTaxPerBasicShare,,,,,-0.010,0.010,,,,0.010,-0.010,,,,,,,,,,,,,,
IncomeLossFromDiscontinuedOperationsNetOfTaxPerDilutedShare,,,,,,0.010,,,,0.010,-0.010,,,,,,,,,,,,,,
IncomeTaxExpenseBenefit,-6384000.000,13084000.000,13374000.000,912000.000,-9875000.000,8557000.000,13464000.000,4804000.000,-8447000.000,15026000.000,22915000.000,14551000.000,-8424000.000,23906000.000,44089000.000,35276000.000,-812000.000,38929000.000,47483000.000,39263000.000,19710000.000,53435000.000,70869000.000,37570000.000,14528000.000
IncomeTaxesPaidNet,385000.000,,,,-4634000.000,,,,7055000.000,,,,53000.000,,,,18678000.000,,,,10721000.000,,,,6240000.000
IncreaseDecreaseInAccountsPayableTrade,14519000.000,,,,7718000.000,,,,-6457000.000,,,,-4825000.000,,,,-20328000.000,,,,9231000.000,,,,8536000.000
IncreaseDecreaseInAccountsReceivable,19320000.000,,,,8304000.000,,,,-20273000.000,,,,-2834000.000,,,,-40006000.000,,,,29695000.000,,,,21305000.000
IncreaseDecreaseInAccruedIncomeTaxesPayable,,,,,-5306000.000,,,,-8261000.000,,,,-4595000.000,,,,-46700000.000,,,,-8473000.000,,,,3330000.000
IncreaseDecreaseInIncomeTaxes,,,,,,,,,,,,,,,,,23300000.000,,,,,,,,
IncreaseDecreaseInInterestPayableNet,,,,,,,,,,,,,,,,,-4403000.000,,,,,,,,
IncreaseDecreaseInInventories,-216000.000,,,,10881000.000,,,,14606000.000,,,,7411000.000,,,,19071000.000,,,,13495000.000,,,,15375000.000
IncreaseDecreaseInOtherEmployeeRelatedLiabilities,,,,,-3517000.000,,,,-6075000.000,,,,-3984000.000,,,,-13703000.000,,,,,,,,
IncreaseDecreaseInOtherOperatingAssets,,,,,2797000.000,,,,549000.000,,,,783000.000,,,,4083000.000,,,,2089000.000,,,,22914000.000
IncreaseDecreaseInOtherOperatingCapitalNet,3128000.000,,,,1630000.000,,,,-1585000.000,,,,-874000.000,,,,69097000.000,,,,34300000.000,,,,23670000.000
IncreaseDecreaseInOtherOperatingLiabilities,,,,,10470000.000,,,,15047000.000,,,,9311000.000,,,,-10827000.000,,,,-6282000.000,,,,21385000.000
IncreaseDecreaseInOutstandingChecksFinancingActivities,-2123000.000,,,,1929000.000,,,,,,,,-2556000.000,,,,,,,,,,,,
IncreaseDecreaseInPensionAndPostretirementObligations,,,,,1903000.000,,,,1538000.000,,,,2763000.000,,,,5830000.000,,,,5775000.000,,,,6421000.000
IncrementalCommonSharesAttributableToShareBasedPaymentArrangements,,166000.000,109000.000,,,124000.000,132000.000,,,131000.000,105000.000,,,134000.000,409000.000,,265000.000,260000.000,278000.000,-553000.000,192000.000,270000.000,271000.000,-482000.000,295000.000
InterestExpense,18165000.000,13725000.000,13394000.000,13302000.000,13487000.000,13256000.000,13224000.000,13372000.000,13496000.000,13619000.000,13518000.000,12834000.000,12201000.000,12947000.000,19805000.000,21104000.000,19331000.000,19087000.000,18926000.000,18943000.000,20034000.000,20294000.000,20568000.000,20781000.000,20851000.000
InterestPaid,2042000.000,,,,2632000.000,,,,1906000.000,,,,1633000.000,,,,11417000.000,,,,11394000.000,,,,12216000.000
InterestRateCashFlowHedgeGainLossReclassifiedToEarningsNet,,239000.000,242000.000,,251000.000,257000.000,260000.000,266000.000,269000.000,275000.000,279000.000,285000.000,288000.000,295000.000,300000.000,305000.000,-307000.000,-317000.000,-318000.000,-338000.000,-332000.000,-340000.000,-344000.000,-351000.000,-356000.000
MinorityInterestDecreaseFromDistributionsToNoncontrollingInterestHolders,1000000.000,,,,,,,,,,,,,,,,,,,,,,,,
NetCashProvidedByUsedInFinancingActivities,113721000.000,,,,58635000.000,,,,16220000.000,,,,22314000.000,,,,-24019000.000,,,,2192000.000,,,,32890000.000
NetCashProvidedByUsedInFinancingActivitiesContinuingOperations,113721000.000,,,,58635000.000,,,,16220000.000,,,,22314000.000,,,,-24019000.000,,,,2192000.000,,,,32890000.000
NetCashProvidedByUsedInInvestingActivities,-28541000.000,,,,-35388000.000,,,,-22929000.000,,,,-35562000.000,,,,-63391000.000,,,,-210367000.000,,,,-101556000.000
NetCashProvidedByUsedInInvestingActivitiesContinuingOperations,-28541000.000,,,,-35388000.000,,,,-22929000.000,,,,-35562000.000,,,,-63391000.000,,,,-210367000.000,,,,-101556000.000
NetCashProvidedByUsedInOperatingActivities,21326000.000,,,,-4319000.000,,,,18575000.000,,,,6612000.000,,,,35125000.000,,,,67008000.000,,,,74046000.000
NetCashProvidedByUsedInOperatingActivitiesContinuingOperations,21326000.000,,,,-4319000.000,,,,18575000.000,,,,6612000.000,,,,35125000.000,,,,67008000.000,,,,74046000.000
NetIncomeLoss,-17414000.000,35799000.000,49156000.000,14838000.000,-36732000.000,36751000.000,62922000.000,21533000.000,-27839000.000,41308000.000,71836000.000,36032000.000,-21618000.000,59521000.000,53743000.000,63955000.000,6126000.000,81938000.000,117544000.000,83184000.000,44994000.000,122052000.000,159479000.000,98861000.000,42334000.000
NetIncomeLossAttributableToNoncontrollingInterest,-283000.000,55000.000,1176000.000,246000.000,-941000.000,1057000.000,747000.000,190000.000,-1490000.000,259000.000,202000.000,-876000.000,-1535000.000,103000.000,91000.000,34000.000,33000.000,41000.000,34000.000,38000.000,61000.000,61000.000,-1000.000,-63000.000,-27000.000
NoncashOrPartNoncashAcquisitionFixedAssetsAcquired1,,,,,,,,,,,,,,,,,5153000.000,,,,,,,,
NoncashOrPartNoncashAcquisitionOtherAssetsAcquired1,,,,,,,,,,,,,5930000.000,,,,1222000.000,,,,,,,,149000.000
OperatingIncomeLoss,-6143000.000,62995000.000,78999000.000,25171000.000,-35324000.000,59263000.000,91095000.000,39919000.000,-23557000.000,69414000.000,108843000.000,63288000.000,-15898000.000,96241000.000,115956000.000,118574000.000,25571000.000,136984000.000,179498000.000,137363000.000,83769000.000,187742000.000,240355000.000,155455000.000,77150000.000
OtherComprehensiveIncomeDefinedBenefitPlansAdjustmentNetOfTaxPeriodIncreaseDecrease,-1441000.000,,,,1548000.000,,,,,,,,,,,,,,,,,,,,
OtherComprehensiveIncomeDefinedBenefitPlansTax,3017000.000,,,,,,,,,,,,,,,,,,,,,,,,
OtherComprehensiveIncomeForeignCurrencyTransactionAndTranslationAdjustmentNetOfTaxPeriodIncreaseDecrease,,,,,199000.000,,,,,,,,,,,,,,,,,,,,
OtherComprehensiveIncomeForeignCurrencyTransactionAndTranslationAdjustmentNetOfTaxPortionAttributableToParent,397000.000,,,,,,,,,,,,,,,,,,,,,,,,
OtherComprehensiveIncomeForeignCurrencyTransactionAndTranslationGainLossArisingDuringPeriodNetOfTax,,,,,,,,,-834000.000,,,,,,,,,,,,,,,,
OtherComprehensiveIncomeLossAmortizationPensionAndOtherPostretirementBenefitPlansNetPriorServiceCostRecognizedInNetPeriodicBenefitCostBeforeTax,,,,,,,,,-702000.000,,,,,,,,,,,,,,,,
OtherComprehensiveIncomeLossBeforeReclassificationsNetOfTax,,,,,,,,,,-3447000.000,993000.000,,914000.000,416000.000,-1466000.000,-63214000.000,-2288000.000,-10441000.000,-1757000.000,3828000.000,115000.000,-3968000.000,-198000.000,-28525000.000,137000.000
OtherComprehensiveIncomeLossForeignCurrencyTransactionAndTranslationAdjustmentNetOfTax,,,,,,-53000.000,1435000.000,,-834000.000,,,,,,,,,,,,,,,,
OtherComprehensiveIncomeLossNetOfTax,,,,,,1351000.000,3160000.000,,1223000.000,,,,1371000.000,,,,-562000.000,,,,1820000.000,,,,2263000.000
OtherComprehensiveIncomeLossNetOfTaxPeriodIncreaseDecrease,,,,,1902000.000,,,,,,,,,,,,,,,,,,,,
OtherComprehensiveIncomeLossNetOfTaxPortionAttributableToNoncontrollingInterest,,,,,,3000.000,3000.000,,2000.000,3000.000,3000.000,,1000.000,1000.000,2000.000,,2000.000,2000.000,3000.000,,31000.000,2000.000,20000.000,,1000.000
OtherComprehensiveIncomeLossNetOfTaxPortionAttributableToParent,,,,,,1351000.000,3160000.000,,1221000.000,-1309000.000,3548000.000,58595000.000,1370000.000,603000.000,-1140000.000,-62878000.000,-564000.000,-6091000.000,72000.000,7120000.000,1789000.000,-2235000.000,1557000.000,-26176000.000,2262000.000
OtherComprehensiveIncomeLossPensionAndOtherPostretirementBenefitPlansAdjustmentBeforeTax,,,,,,,,,3133000.000,,,,,,,,,,,,,,,,
OtherComprehensiveIncomeLossPensionAndOtherPostretirementBenefitPlansAdjustmentNetOfTax,,,,,,1249000.000,1568000.000,,1893000.000,,,,,,,,,,,,,,,,
OtherComprehensiveIncomeLossPensionAndOtherPostretirementBenefitPlansBeforeReclassificationAdjustmentsTax,,,,,,,,,,1490000.000,0.000,,,276000.000,,,,6793000.000,,,,2346000.000,,,
OtherComprehensiveIncomeReclassificationAdjustmentOnDerivativesIncludedInNetIncomeNetOfTax,-141000.000,,,,,,,,,,,,,,,,,,,,,,,,
OtherComprehensiveIncomeReclassificationAdjustmentOnDerivativesIncludedInNetIncomeTax,93000.000,,,,,,,,,,,,,,,,,,,,,,,,
OtherNoncashIncomeExpense,,,,,-738000.000,,,,-719000.000,,,,-1223000.000,,,,-1192000.000,,,,2036000.000,,,,-2000.000
OtherNonoperatingIncomeExpense,261000.000,-336000.000,-2146000.000,387000.000,1855000.000,42000.000,-620000.000,22000.000,-623000.000,544000.000,-101000.000,-115000.000,-3463000.000,292000.000,1841000.000,1692000.000,-893000.000,3011000.000,4489000.000,4065000.000,1030000.000,8100000.000,10560000.000,1694000.000,536000.000
OtherOperatingIncomeExpenseNet,,,1021000.000,,-223000.000,1690000.000,-394000.000,1502000.000,1812000.000,756000.000,2964000.000,-739000.000,2026000.000,2485000.000,-5092000.000,5230000.000,2364000.000,-4294000.000,-26033000.000,12310000.000,-579000.000,3446000.000,4441000.000,735000.000,-360000.000
ParticipatingSecuritiesDistributedAndUndistributedEarnings,,,378000.000,,126000.000,232000.000,336000.000,-194000.000,93000.000,197000.000,265000.000,-42000.000,67000.000,246000.000,,,,,,,,,,,
ParticipatingSecuritiesDistributedAndUndistributedEarningsLossDiluted,,,,,,,,,,,,,,,213000.000,,1369000.000,-876000.000,479000.000,280000.000,298000.000,519000.000,637000.000,321000.000,153000.000
PaymentsForRepurchaseOfCommonStock,,,,,,,,,,,,,,,,,,,,,150000000.000,,,,99999000.000
PaymentsOfDebtIssuanceCosts,3120000.000,,,,300000.000,,,,,,,,,,,,,,,,,,,,
PaymentsOfDividendsCommonStock,18400000.000,,,,18420000.000,,,,18503000.000,,,,18604000.000,,,,28354000.000,,,,25847000.000,,,,26560000.000
PaymentsOfDividendsMinorityInterest,1000000.000,,,,,,,,,,,,,,,,,,,,,,,,
PaymentsRelatedToTaxWithholdingForShareBasedCompensation,,,,,,,,,,,,,,,,,,,,,,,,,3695000.000
PaymentsToAcquireBusinessesNetOfCashAcquired,55000.000,,,,54000.000,,,,2629000.000,,,,50000.000,,,,10589000.000,,,,123000000.000,,,,
PaymentsToAcquirePropertyPlantAndEquipment,30674000.000,,,,37518000.000,,,,21880000.000,,,,36913000.000,,,,56085000.000,,,,94228000.000,,,,102095000.000
ProceedsFromAdvancesForConstruction,,,,,,,,,,,,,,,,,,,,,,,,,37011000.000
ProceedsFromCollectionOfAdvanceToAffiliate,,,,,,,,,,,,,,,,,1808000.000,,,,,,,,
ProceedsFromIssuanceOfCommonStock,303000.000,,,,618000.000,,,,3494000.000,,,,6488000.000,,,,9942000.000,,,,4166000.000,,,,3917000.000
ProceedsFromIssuanceOfDebt,,,,,,,,,,,,,,,,,,,,,210000000.000,,,,205000000.000
ProceedsFromIssuanceOfLongTermDebt,300000000.000,,,,151000000.000,,,,60000000.000,,,,60000000.000,,,,,,,,,,,,
ProceedsFromRepaymentsOfBankOverdrafts,,,,,,,,,,,,,,,,,-183000.000,,,,-10235000.000,,,,
ProceedsFromSalesOfBusinessAffiliateAndProductiveAssets,,,,,2184000.000,,,,1580000.000,,,,1401000.000,,,,1475000.000,,,,3415000.000,,,,539000.000
ProfitLoss,-17697000.000,35854000.000,50332000.000,15084000.000,-37673000.000,37808000.000,63669000.000,21723000.000,-29329000.000,41567000.000,72038000.000,35156000.000,-23153000.000,59624000.000,53834000.000,63989000.000,6159000.000,81979000.000,117578000.000,83222000.000,,,,,
ReclassificationFromAccumulatedOtherComprehensiveIncomeCurrentPeriodNetOfTax,,,,,,,,,,-2138000.000,2555000.000,,-456000.000,-187000.000,-326000.000,-336000.000,-1724000.000,-4350000.000,-1829000.000,-3292000.000,-1674000.000,-1733000.000,-1755000.000,-2349000.000,-2125000.000
RepaymentsOfAdvancesForConstruction,,,,,,,,,,,,,,,,,,,,,,,,,37011000.000
RepaymentsOfDebt,,,,,,,,,,,,,,,,,,,,,26390000.000,,,,45012000.000
RepaymentsOfLongTermCapitalLeaseObligations,,,,,,,,,,,,,525000.000,,,,795000.000,,,,780000.000,,,,761000.000
RepaymentsOfLongTermDebt,162207000.000,,,,76480000.000,,,,29400000.000,,,,23125000.000,,,,4738000.000,,,,,,,,
ResearchAndDevelopmentExpense,2000.000,,,,,,,,,,,,,,,,,,,,,,,,
Revenues,356512000.000,492952000.000,534756000.000,329603000.000,393979000.000,545717000.000,593901000.000,504070000.000,385000000.000,562682000.000,665320000.000,542549000.000,428629000.000,669225000.000,1003723000.000,856374000.000,691347000.000,921419000.000,1082249000.000,844555000.000,788734000.000,977298000.000,1103901000.000,948816000.000,843859000.000
SalesRevenueGoodsNet,306244000.000,426707000.000,463985000.000,323025000.000,350537000.000,491220000.000,539140000.000,457826000.000,345150000.000,508688000.000,600457000.000,488923000.000,379678000.000,601937000.000,917942000.000,779538000.000,631876000.000,850249000.000,1005218000.000,780773000.000,733960000.000,915436000.000,1038344000.000,889027000.000,791684000.000
SalesRevenueNet,356512000.000,492952000.000,534756000.000,329603000.000,393979000.000,545717000.000,593901000.000,504070000.000,385000000.000,562682000.000,665320000.000,542549000.000,428629000.000,669225000.000,1003723000.000,856374000.000,691347000.000,921419000.000,1082249000.000,844555000.000,788734000.000,977298000.000,1103901000.000,948816000.000,843859000.000
SellingGeneralAndAdministrativeExpense,29235000.000,31664000.000,33487000.000,29752000.000,33029000.000,35275000.000,32095000.000,37999000.000,37649000.000,37843000.000,37140000.000,37459000.000,34247000.000,36566000.000,48427000.000,50005000.000,49450000.000,56783000.000,54887000.000,57114000.000,59861000.000,61509000.000,56348000.000,70287000.000,69535000.000
ShareBasedCompensation,2777000.000,,,,1878000.000,,,,1245000.000,,,,1409000.000,,,,2907000.000,,,,7228000.000,,,,10275000.000
ShippingAndHandlingRevenue,50268000.000,66245000.000,70771000.000,6578000.000,43442000.000,54497000.000,54761000.000,46244000.000,39850000.000,53994000.000,64863000.000,53626000.000,48951000.000,67288000.000,85781000.000,76836000.000,59471000.000,71170000.000,77031000.000,63782000.000,54774000.000,61862000.000,65557000.000,59789000.000,52175000.000
ShippingHandlingAndTransportationCosts,50268000.000,66245000.000,70771000.000,6578000.000,43442000.000,54497000.000,54761000.000,46244000.000,39850000.000,53994000.000,64863000.000,53626000.000,48951000.000,67288000.000,85781000.000,76836000.000,59471000.000,71170000.000,77031000.000,63782000.000,54774000.000,61862000.000,65557000.000,59789000.000,52175000.000
StockIssuedDuringPeriodValueShareBasedCompensation,1710000.000,,,,1731000.000,,,,5122000.000,,,,8351000.000,,,,9286000.000,,,,7203000.000,,,,5078000.000
StockRepurchasedDuringPeriodValue,,,,,,,,,,,,,,,,,,,,,,,,,99999000.000
TreasuryStockValueAcquiredCostMethod,,,,,,,,,,,,,,,,,,,,,150000000.000,,,,
UnrecognizedTaxBenefitsDecreasesResultingFromPriorPeriodTaxPositions,,,,,13876000.000,,,,2412000.000,,,,173000.000,,,,,,,,,,,,
UnrecognizedTaxBenefitsDecreasesResultingFromSettlementsWithTaxingAuthorities,,,,,554000.000,,,,,,,,,,,,,,,,,,,,
UnrecognizedTaxBenefitsIncreasesResultingFromCurrentPeriodTaxPositions,,,,,452000.000,,,,389000.000,,,,480000.000,,,,,,,,,,,,
UnrecognizedTaxBenefitsIncreasesResultingFromPriorPeriodTaxPositions,,,,,9366000.000,,,,4440000.000,,,,1898000.000,,,,,,,,,,,,
WeightedAverageNumberOfDilutedSharesOutstanding,45584000.000,45794000.000,45799000.000,-91384000.000,45734000.000,45905000.000,45992000.000,-91661000.000,46028000.000,46260000.000,46349000.000,-92352000.000,,46529000.000,67495000.000,,67676000.000,67633000.000,67108000.000,-135397000.000,64350000.000,63802000.000,63723000.000,-128014000.000,63319000.000
WeightedAverageNumberOfShareOutstandingBasicAndDiluted,,,,,,,,,46028000.000,,,,46315000.000,,,,,,,,,,,,
WeightedAverageNumberOfSharesOutstandingBasic,45584000.000,45628000.000,45690000.000,-91250000.000,45734000.000,45781000.000,45860000.000,-91547000.000,46028000.000,46129000.000,46244000.000,-92237000.000,,46395000.000,67086000.000,,67411000.000,67373000.000,66830000.000,-134844000.000,64158000.000,63532000.000,63452000.000,-127532000.000,63024000.000
