,2011-03-31,2011-06-30,2011-09-30,2011-12-31,2012-03-31,2012-06-30,2012-09-30,2012-12-31,2013-03-31,2013-06-30,2013-09-30,2013-12-31,2014-03-31,2014-06-30,2014-09-30,2014-12-31,2015-03-31,2015-06-30,2015-09-30,2015-12-31,2016-03-31,2016-06-30,2016-09-30,2016-12-31,2017-03-31
AdditionsToNoncurrentAssets,,47471000.000,44493000.000,,46415000.000,47239000.000,50359000.000,125512000.000,40368000.000,60899000.000,102884000.000,124353000.000,42628000.000,,,,,,,,,,,,
AllocatedShareBasedCompensationExpense,,738000.000,522000.000,,592000.000,694000.000,576000.000,899000.000,701000.000,694000.000,697000.000,672000.000,669000.000,674000.000,673000.000,-270000.000,894000.000,610000.000,767000.000,-590000.000,904000.000,919000.000,914000.000,770000.000,1238000.000
CashAndCashEquivalentsPeriodIncreaseDecrease,945000.000,,,,-3991000.000,,,,-3296000.000,,,,4353000.000,,,,3043000.000,,,,373000.000,,,,
CommonStockDividendsPerShareDeclared,0.365,0.365,0.365,0.405,0.403,0.403,0.403,0.441,0.443,0.443,0.440,0.475,0.470,0.470,0.470,0.510,0.250,0.250,0.250,0.270,0.260,0.260,0.260,0.290,0.270
ComprehensiveIncomeNetOfTax,50322000.000,6326000.000,-5764000.000,31781000.000,52334000.000,10103000.000,2649000.000,,47672000.000,953000.000,-1159000.000,,48008000.000,9759000.000,-4880000.000,,53578000.000,13373000.000,-12844000.000,,68169000.000,-4723000.000,,,
ComprehensiveIncomeNetOfTaxIncludingPortionAttributableToNoncontrollingInterest,,,,,,,,,,,,,,,,,,,,,,,9838000.000,,39232000.000
CostOfGoodsAndServicesEnergyCommoditiesAndServices,,81316000.000,79413000.000,,70603000.000,49233000.000,49748000.000,60563000.000,75145000.000,62216000.000,64815000.000,68294000.000,125061000.000,54324000.000,52868000.000,74606000.000,96733000.000,66044000.000,77316000.000,79486000.000,87769000.000,78832000.000,117635000.000,129597000.000,215763000.000
CostOfServicesEnergyServices,82640000.000,28042000.000,27242000.000,43234000.000,86265000.000,20286000.000,20801000.000,60303000.000,77156000.000,25611000.000,24345000.000,71409000.000,103077000.000,24623000.000,23205000.000,79188000.000,144974000.000,24901000.000,21808000.000,48080000.000,65206000.000,19508000.000,25353000.000,57087000.000,71379000.000
CostsAndExpenses,258875000.000,148038000.000,144767000.000,155273000.000,201324000.000,111656000.000,112032000.000,171370000.000,203652000.000,133185000.000,134014000.000,190934000.000,287691000.000,129516000.000,126540000.000,215646000.000,306581000.000,147370000.000,156115000.000,192608000.000,218782000.000,162388000.000,206492000.000,259562000.000,358143000.000
Depreciation,8652000.000,8853000.000,9023000.000,9221000.000,9604000.000,10485000.000,10602000.000,10645000.000,11407000.000,12372000.000,12826000.000,13032000.000,14991000.000,15495000.000,16057000.000,16461000.000,16819000.000,17430000.000,18422000.000,19780000.000,20701000.000,22296000.000,23109000.000,24283000.000,24323000.000
DepreciationAndAmortization,,11819000.000,11965000.000,,13275000.000,14188000.000,13996000.000,13630000.000,14408000.000,17256000.000,16810000.000,16416000.000,18799000.000,19290000.000,19565000.000,20857000.000,21586000.000,22262000.000,23137000.000,24057000.000,26141000.000,27321000.000,27798000.000,28558000.000,29521000.000
DerivativeInstrumentsGainLossReclassifiedFromAccumulatedOCIIntoIncomeEffectivePortionNet,,-377000.000,-385000.000,,-186000.000,-183000.000,-112000.000,-113000.000,-112000.000,-112000.000,-112000.000,-112000.000,-112000.000,-112000.000,-112000.000,-83000.000,-23000.000,-187000.000,-93000.000,-248000.000,,,,,
DerivativeInstrumentsGainLossRecognizedInIncomeIneffectivePortionAndAmountExcludedFromEffectivenessTestingNet,,0.000,0.000,,0.000,0.000,0.000,0.000,0.000,0.000,0.000,0.000,0.000,0.000,0.000,0.000,0.000,0.000,0.000,0.000,,,,,
DerivativeInstrumentsGainLossRecognizedInOtherComprehensiveIncomeEffectivePortionNet,,-462000.000,-1765000.000,,136000.000,-888000.000,0.000,0.000,0.000,0.000,0.000,0.000,0.000,0.000,0.000,0.000,0.000,0.000,0.000,0.000,,,,,
DerivativeInstrumentsNotDesignatedAsHedgingInstrumentsGainLossNet,,1407000.000,-8852000.000,,7107000.000,3392000.000,-3561000.000,-6471000.000,-6524000.000,-15472000.000,-147000.000,-920000.000,-28815000.000,-286000.000,-1431000.000,23473000.000,-7005000.000,15226000.000,-12427000.000,12703000.000,18228000.000,-21600000.000,9221000.000,21733000.000,13683000.000
DirectOperatingMaintenanceSuppliesCosts,3009000.000,3215000.000,3414000.000,3484000.000,3192000.000,3371000.000,3570000.000,3482000.000,3422000.000,3365000.000,3354000.000,2995000.000,3259000.000,3181000.000,3275000.000,3742000.000,3998000.000,3928000.000,4188000.000,4069000.000,4384000.000,4259000.000,4150000.000,4756000.000,4981000.000
DiscontinuedOperationIncomeLossFromDiscontinuedOperationDuringPhaseOutPeriodNetOfTax,-383000.000,-166000.000,65000.000,-84000.000,-136000.000,-498000.000,-151000.000,-383000.000,-471000.000,-28000.000,-200000.000,-97000.000,-313000.000,-80000.000,-120000.000,-69000.000,-276000.000,-74000.000,-91000.000,-62000.000,-118000.000,-29000.000,-29000.000,-75000.000,-30000.000
DiscontinuedOperationTaxEffectOfIncomeLossFromDiscontinuedOperationDuringPhaseOutPeriod,,-90000.000,36000.000,,-74000.000,-268000.000,-81000.000,-206000.000,-253000.000,-15000.000,-109000.000,-49000.000,-169000.000,-43000.000,-64000.000,-36000.000,-137000.000,-40000.000,-49000.000,-31000.000,-63000.000,-16000.000,-15000.000,-39000.000,-16000.000
EarningsPerShareBasic,1.721,0.203,-0.171,1.227,1.788,0.340,0.065,0.787,1.350,0.028,-0.040,1.212,1.460,0.290,-0.130,1.310,0.790,0.190,-0.180,0.730,0.960,-0.060,0.120,0.540,0.470
EarningsPerShareDiluted,1.715,0.202,-0.171,1.224,1.783,0.339,0.065,0.783,1.348,0.028,-0.040,1.214,1.460,0.290,-0.130,1.300,0.790,0.190,-0.180,0.720,0.950,-0.060,0.120,0.550,0.470
EffectiveIncomeTaxRateContinuingOperations,,,0.410,,0.410,,0.410,,0.410,0.410,0.410,-0.820,0.410,0.410,0.410,-0.830,0.400,,0.400,,0.400,0.400,0.400,-0.800,0.400
EmployeeServiceShareBasedCompensationAllocationOfRecognizedPeriodCostsCapitalizedAmount,,-55000.000,-55000.000,,-58000.000,-58000.000,-58000.000,405000.000,63000.000,63000.000,59000.000,52000.000,70000.000,70000.000,70000.000,-63000.000,91000.000,87000.000,92000.000,-54000.000,106000.000,106000.000,77000.000,96000.000,88000.000
ExplorationAbandonmentAndImpairmentExpense,,,,,1100000.000,,,,0.000,,,,0.000,,,,0.000,,,,0.000,,,,0.000
FairValueMeasurementWithUnobservableInputsReconciliationRecurringBasisAssetGainLossIncludedInEarnings,,1565000.000,-1999000.000,,169000.000,3306000.000,-344000.000,,,,,,,,,,,,,,,,,,
FairValueMeasurementWithUnobservableInputsReconciliationRecurringBasisAssetGainLossIncludedInEarnings1,,,,,,,,,-701000.000,-12022000.000,-8506000.000,,-12124000.000,-2252000.000,-423000.000,,-16438000.000,,,,,,,,
FairValueMeasurementWithUnobservableInputsReconciliationRecurringBasisAssetSettlements,,813000.000,-177000.000,,3831000.000,1730000.000,163000.000,,434000.000,952000.000,735000.000,,942000.000,2454000.000,2493000.000,,-4735000.000,,,,,,,,
FairValueMeasurementWithUnobservableInputsReconciliationRecurringBasisAssetTransfersNet,,0.000,0.000,,,,,,,928000.000,2457000.000,,,,,,,,,,,,,,
FairValueNetDerivativeAssetLiabilityMeasuredOnRecurringBasisUnobservableInputsReconciliationGainLossIncludedInEarnings,,,,,,,,,,,,,,,,,,14376000.000,-10725000.000,,-10015000.000,12073000.000,10404000.000,-6805000.000,-988000.000
FairValueNetDerivativeAssetLiabilityMeasuredOnRecurringBasisUnobservableInputsReconciliationSettlements,,,,,,,,,,,,,,,,,,-1663000.000,-1396000.000,,-3858000.000,3264000.000,-423000.000,,8187000.000
FairValueNetDerivativeAssetLiabilityMeasuredOnRecurringBasisUnobservableInputsReconciliationTransfersIntoLevel3,,,,,,,,,,,,,,,,,,,,,,2100000.000,,,
FairValueNetDerivativeAssetLiabilityMeasuredOnRecurringBasisUnobservableInputsReconciliationTransfersNet,,,,,,,,,,,,,,,,,,2054000.000,0.000,,,,,,
GainLossOnInterestRateDerivativeInstrumentsNotDesignatedAsHedgingInstruments,,-250000.000,-309000.000,,136000.000,84000.000,53000.000,387000.000,525000.000,1250000.000,390000.000,595000.000,-214000.000,,,,,,,,,,,,
GasDomesticRegulatedRevenue,174389000.000,64970000.000,58208000.000,108175000.000,179202000.000,59056000.000,53999000.000,128561000.000,173651000.000,66040000.000,59302000.000,145927000.000,210329000.000,68903000.000,60756000.000,160764000.000,266530000.000,75294000.000,57507000.000,129432000.000,183669000.000,68273000.000,60983000.000,140894000.000,195769000.000
GoodwillPurchaseAccountingAdjustments,,,,,,,,,,,,,,,,,,,,,-741000.000,,,,
IncomeLossFromContinuingOperationsBeforeIncomeTaxesMinorityInterestAndIncomeLossFromEquityMethodInvestments,73638000.000,10010000.000,-10802000.000,40325000.000,69888000.000,8720000.000,-1677000.000,25085000.000,51140000.000,-11348000.000,-7399000.000,29397000.000,57794000.000,1094000.000,-7462000.000,58436000.000,70011000.000,25906000.000,-20919000.000,59784000.000,107296000.000,-11854000.000,7458000.000,64916000.000,56606000.000
IncomeLossFromContinuingOperationsIncludingPortionAttributableToNoncontrollingInterest,51831000.000,6245000.000,-5203000.000,36986000.000,54211000.000,10832000.000,2164000.000,25569000.000,43337000.000,916000.000,-1221000.000,39357000.000,48211000.000,9701000.000,-4276000.000,43992000.000,53853000.000,13341000.000,-12532000.000,50948000.000,68187000.000,-4798000.000,9664000.000,46008000.000,37747000.000
IncomeLossFromContinuingOperationsPerBasicShare,1.734,0.209,-0.173,1.230,1.792,0.356,0.070,0.802,1.365,0.029,-0.040,1.226,1.470,0.290,-0.130,1.320,0.790,0.190,-0.180,0.740,0.960,-0.060,0.120,0.540,0.470
IncomeLossFromContinuingOperationsPerDilutedShare,1.728,0.208,-0.173,1.227,1.788,0.355,0.070,0.797,1.362,0.029,-0.040,1.219,1.470,0.290,-0.130,1.310,0.790,0.190,-0.180,0.730,0.950,-0.060,0.120,0.550,0.470
IncomeLossFromDiscontinuedOperationsNetOfTaxPerBasicAndDilutedShare,,,,,,,,,,,,,-0.010,0.000,0.000,,0.000,0.000,0.000,-0.010,0.000,0.000,0.000,0.000,0.000
IncomeLossFromDiscontinuedOperationsNetOfTaxPerBasicShare,-0.013,-0.006,0.002,-0.003,-0.004,-0.016,-0.005,-0.015,-0.015,-0.001,0.000,-0.014,-0.010,0.000,0.000,-0.010,0.000,0.000,0.000,0.010,0.000,0.000,0.000,0.000,0.000
IncomeLossFromDiscontinuedOperationsNetOfTaxPerDilutedShare,-0.013,-0.006,0.002,-0.003,-0.005,-0.016,-0.005,-0.014,-0.014,-0.001,0.000,-0.005,-0.010,0.000,0.000,-0.010,0.000,0.000,0.000,0.010,0.000,0.000,0.000,0.000,0.000
IncomeLossFromEquityMethodInvestments,703000.000,-761000.000,-435000.000,-317000.000,207000.000,1040000.000,1265000.000,-273000.000,-31000.000,632000.000,645000.000,339000.000,2286000.000,-903000.000,-5139000.000,-4029000.000,455000.000,-15844000.000,-2581000.000,-9842000.000,158000.000,-133000.000,5013000.000,358000.000,3011000.000
IncomeTaxExpenseBenefit,22510000.000,3004000.000,-6034000.000,2720000.000,15884000.000,-1072000.000,-2576000.000,-1386000.000,7772000.000,-11632000.000,-5533000.000,-10047000.000,11869000.000,-9510000.000,-8325000.000,10415000.000,16613000.000,-3279000.000,-10968000.000,-1006000.000,39267000.000,-7189000.000,2807000.000,19266000.000,21870000.000
InterestExpense,5981000.000,6234000.000,6242000.000,5621000.000,5493000.000,5195000.000,5981000.000,2317000.000,4708000.000,3420000.000,4393000.000,6304000.000,7084000.000,6846000.000,6768000.000,8862000.000,8601000.000,7474000.000,8107000.000,7440000.000,9160000.000,8229000.000,7355000.000,6705000.000,16745000.000
InterestIncomeExpenseNet,,,,,,,,,,,,,,,,,,,,,,,-7355000.000,,-16745000.000
InterestRateCashFlowHedgeGainLossReclassifiedToEarningsNet,,,,,,,,,,,,,,,,,,,,,,,,,-2400000.000
LineOfCreditFacilityAverageOutstandingAmount,,,,,351600000.000,,,,317300000.000,,,,332200000.000,,,,274100000.000,,,,,,,,
LineOfCreditFacilityInterestRateDuringPeriod,,,,,0.011,,,,0.010,,,,0.011,,,,0.009,,,,,,,,
LineOfCreditFacilityMaximumAmountOutstandingDuringPeriod,,,,,377800000.000,,,,369500000.000,,,,390700000.000,,,,329400000.000,,,,,,,,
NetCashProvidedByUsedInFinancingActivities,-78290000.000,,,,26030000.000,,,,-83267000.000,,,,5347000.000,,,,28557000.000,,,,-38460000.000,,,,-20772000.000
NetCashProvidedByUsedInFinancingActivitiesContinuingOperations,-78290000.000,,,,26030000.000,,,,-83267000.000,,,,5347000.000,,,,28557000.000,,,,-38460000.000,,,,-20772000.000
NetCashProvidedByUsedInInvestingActivities,-46744000.000,,,,-72180000.000,,,,24085000.000,,,,-50226000.000,,,,-60450000.000,,,,-59247000.000,,,,-72753000.000
NetCashProvidedByUsedInInvestingActivitiesContinuingOperations,-46744000.000,,,,-72180000.000,,,,24085000.000,,,,-50226000.000,,,,-60450000.000,,,,-59247000.000,,,,-72753000.000
NetCashProvidedByUsedInOperatingActivities,125979000.000,,,,42159000.000,,,,55886000.000,,,,49232000.000,,,,34936000.000,,,,98080000.000,,,,79528000.000
NetCashProvidedByUsedInOperatingActivitiesContinuingOperations,125979000.000,,,,42159000.000,,,,55886000.000,,,,49232000.000,,,,34936000.000,,,,98080000.000,,,,79528000.000
NonoperatingIncomeExpense,6572000.000,3805000.000,2586000.000,2679000.000,1873000.000,3658000.000,4359000.000,1214000.000,3869000.000,2665000.000,2200000.000,2245000.000,2368000.000,4185000.000,3419000.000,1847000.000,2241000.000,3040000.000,2241000.000,1988000.000,2203000.000,4361000.000,2223000.000,1202000.000,5665000.000
OperatingIncomeLoss,73047000.000,12439000.000,-7146000.000,43267000.000,73508000.000,10257000.000,-55000.000,26188000.000,51979000.000,-10593000.000,-5206000.000,33456000.000,62510000.000,3755000.000,-4113000.000,65451000.000,76371000.000,30340000.000,-15053000.000,65236000.000,114253000.000,-7986000.000,12590000.000,70419000.000,67686000.000
OtherComprehensiveIncomeLossAvailableForSaleSecuritiesAdjustmentNetOfTax,,,,,,,,,,,,,,,,,,,,,,,154000.000,,0.000
OtherComprehensiveIncomeLossBeforeReclassificationsNetOfTax,,,,,,,,,,,,,,154000.000,-53000.000,,92000.000,-43000.000,-276000.000,1578000.000,63000.000,73000.000,167000.000,-5597000.000,0.000
OtherComprehensiveIncomeLossDerivativesQualifyingAsHedgesNetOfTax,,,,,,,,,,,,,,,,,,,,,,,49000.000,,1515000.000
OtherComprehensiveIncomeLossNetOfTax,,,,,,,,,4806000.000,65000.000,262000.000,5212000.000,110000.000,138000.000,-484000.000,-9262000.000,1000.000,106000.000,-221000.000,5873000.000,100000.000,104000.000,203000.000,-3289000.000,1515000.000
OtherComprehensiveIncomeLossNetOfTaxPeriodIncreaseDecrease,-1126000.000,247000.000,-626000.000,-5121000.000,-1741000.000,-231000.000,636000.000,,,,,,,,,,,,,,,,,,
OtherComprehensiveIncomeUnrealizedHoldingGainLossOnSecuritiesArisingDuringPeriodNetOfTax,-154000.000,51000.000,-478000.000,221000.000,351000.000,-136000.000,205000.000,80000.000,-274000.000,-23000.000,221000.000,179000.000,62000.000,154000.000,-613000.000,-75000.000,88000.000,-64000.000,-177000.000,100000.000,49000.000,55000.000,,,
OtherCostAndExpenseOperating,25694000.000,24491000.000,24002000.000,26714000.000,27782000.000,26416000.000,25817000.000,33628000.000,32689000.000,27957000.000,27216000.000,32343000.000,39350000.000,30652000.000,29939000.000,40319000.000,41861000.000,33802000.000,33150000.000,39859000.000,38797000.000,36250000.000,34796000.000,42114000.000,39626000.000
OtherCostOfServices,133580000.000,,,,,,,,,,,,,,,,,,,,,,,,
OtherSalesRevenueNet,157533000.000,,,,,,,,,,,,,,,,,,,,,,,,
PaymentsForAdvanceToAffiliate,18573000.000,,,,10011000.000,,,,498000.000,,,,342000.000,,,,1265000.000,,,,0.000,,,,
PaymentsForProceedsFromLoansReceivable,,,,,,,,,,,,,,,,,,,,,,,,,-3000000.000
PaymentsForProceedsFromOtherInvestingActivities,4139000.000,,,,567000.000,,,,0.000,,,,,,,,,,,,,,,,
PaymentsOfDebtIssuanceCosts,10000.000,,,,172000.000,,,,11000.000,,,,210000.000,,,,0.000,,,,,,,,2021000.000
PaymentsRelatedToTaxWithholdingForShareBasedCompensation,,,,,,,,,,,,,,,,,,,,,,,,,751000.000
PaymentsToAcquireAvailableForSaleSecurities,,,,,,,,,,,,,,,,,,,,,0.000,,,,
PaymentsToAcquireInterestInSubsidiariesAndAffiliates,19933000.000,,,,16286000.000,,,,1076000.000,,,,0.000,,,,717000.000,,,,3079000.000,,,,5902000.000
PaymentsToAcquireLifeInsurancePolicies,,,,,,,,,372000.000,,,,230000.000,,,,356000.000,,,,357000.000,,,,8074000.000
PaymentsToAcquireNotesReceivable,,,,,,,,,,,,,,,,,,,,,50000.000,,,,
PaymentsToAcquireProductiveAssets,32066000.000,,,,45387000.000,,,,40604000.000,,,,60254000.000,,,,54307000.000,,,,67416000.000,,,,67278000.000
PaymentsToAcquirePropertyPlantAndEquipment,,,,,,,,,,,,,,76539000.000,80323000.000,,49620000.000,89731000.000,93030000.000,129613000.000,54662000.000,53968000.000,63477000.000,97582000.000,70178000.000
ProceedsFromCollectionOfAdvanceToAffiliate,26050000.000,,,,3796000.000,,,,58249000.000,,,,3228000.000,,,,275000.000,,,,1626000.000,,,,2251000.000
ProceedsFromConstructionLoansPayable,19920000.000,,,,0.000,,,,,,,,,,,,,,,,,,,,
ProceedsFromIssuanceOfCommonStock,,,,,2902000.000,,,,7244000.000,,,,5157000.000,,,,1857000.000,,,,5645000.000,,,,0.000
ProceedsFromIssuanceOfLongTermDebt,0.000,,,,,,,,,,,,30000000.000,,,,0.000,,,,61000000.000,,,,273000000.000
ProceedsFromOtherEquity,,,,,2900000.000,,,,,,,,,,,,,,,,,,,,
ProceedsFromSaleOfPropertyPlantAndEquipment,,,,,,,,,,,,,,,,,,,,,,,,,3058000.000
ProceedsFromSaleOfRestrictedInvestments,,,,,,,,,,,,,,,,,,,,,1738000.000,,,,
ProfitLoss,51448000.000,6079000.000,-5138000.000,36902000.000,54075000.000,10334000.000,2013000.000,25186000.000,42866000.000,888000.000,-1421000.000,39260000.000,47898000.000,9621000.000,-4396000.000,43923000.000,53577000.000,13267000.000,-12623000.000,50886000.000,68069000.000,-4827000.000,9635000.000,45933000.000,37717000.000
ReclassificationFromAccumulatedOtherComprehensiveIncomeCurrentPeriodNetOfTax,,,,,,,,,,,,,,16000.000,431000.000,,91000.000,-149000.000,-55000.000,-4295000.000,-37000.000,-31000.000,-36000.000,-2308000.000,-1515000.000
RepaymentsOfLongTermDebt,,,25000000.000,,,,,,,,,,,,,,,,,,12905000.000,,,,200000000.000
Revenues,331922000.000,160477000.000,137621000.000,198540000.000,274832000.000,121913000.000,111977000.000,197558000.000,255631000.000,122592000.000,128808000.000,224390000.000,350201000.000,133271000.000,122427000.000,281097000.000,382952000.000,177710000.000,141062000.000,257844000.000,333035000.000,154402000.000,219082000.000,329981000.000,425829000.000
SalesRevenueNet,331922000.000,160477000.000,137621000.000,198540000.000,274832000.000,121913000.000,111977000.000,197558000.000,255631000.000,122592000.000,128808000.000,224390000.000,350201000.000,133271000.000,122427000.000,281097000.000,382952000.000,177710000.000,141062000.000,257844000.000,333035000.000,154402000.000,219082000.000,329981000.000,425829000.000
ShareBasedCompensationArrangementByShareBasedPaymentAwardCompensationCost,,793000.000,577000.000,,650000.000,752000.000,634000.000,,,,,,,,,,,,,,,,,,
ShareBasedCompensationArrangementByShareBasedPaymentAwardEquityInstrumentsOtherThanOptionsGrantsInPeriodWeightedAverageGrantDateFairValue,,,,,54.569,,,,48.488,,,,50.130,,,,28.690,,,,23.070,,,,33.240
ShareBasedCompensationArrangementByShareBasedPaymentAwardEquityInstrumentsOtherThanOptionsVestedInPeriodWeightedAverageGrantDateFairValue,,,,,49.430,,,,45.809,,,,52.190,,,,27.260,,,,29.300,,,,24.750
ShareBasedCompensationArrangementByShareBasedPaymentAwardOptionsForfeituresAndExpirationsInPeriodWeightedAverageExercisePrice,,,,,,,,,,,,,50.240,,,,24.130,,,,26.240,,,,0.000
ShareBasedCompensationArrangementByShareBasedPaymentAwardOptionsGrantsInPeriodGross,,,,,,,,,,,,,0.000,,,,0.000,,,,0.000,,,,0.000
StockIssuedDuringPeriodSharesDividendReinvestmentPlan,,,,,54230.000,,,,137546.000,,,,95662.000,,,,63690.000,,,,229522.000,,,,
StockIssuedDuringPeriodSharesShareBasedCompensation,,,,,43226.000,,,,78363.000,,,,11610.000,,,,25398.000,,,,43023.000,,,,69943.000
TaxesExcludingIncomeAndExciseTaxes,5300000.000,2121000.000,1673000.000,3095000.000,3878000.000,1865000.000,1494000.000,2749000.000,3833000.000,1664000.000,1458000.000,2861000.000,1953000.000,1241000.000,1196000.000,1330000.000,2196000.000,1265000.000,1231000.000,1334000.000,1925000.000,1243000.000,1449000.000,1725000.000,2071000.000
UnregulatedOperatingRevenue,,95507000.000,79413000.000,,95630000.000,62857000.000,57978000.000,68997000.000,81980000.000,56552000.000,69506000.000,78463000.000,139872000.000,64368000.000,61671000.000,120333000.000,116422000.000,102416000.000,83555000.000,128412000.000,149366000.000,86129000.000,158099000.000,189087000.000,230060000.000
UtilitiesOperatingExpenseImpairments,,,,,,,,,,,,,,,,,,,,,,,,,300000.000
WeightedAverageNumberOfDilutedSharesOutstanding,29991.000,30037.000,30029000.000,-3028.000,30323000.000,30472000.000,30945000.000,-60916000.000,31811000.000,32012000.000,31984000.000,-63761000.000,32842000.000,33037000.000,33166000.000,-65831000.000,68618000.000,68653000.000,68607000.000,-136947000.000,71416000.000,75298000.000,79635000.000,-149874000.000,79641000.000
WeightedAverageNumberOfSharesOutstandingBasic,29899.000,29953.000,30029000.000,-88852.000,30249000.000,30393000.000,30861000.000,-60759000.000,31757000.000,31949000.000,31984000.000,-63701000.000,32765000.000,32963000.000,33166000.000,-65755000.000,68397000.000,68467000.000,68607000.000,-136736000.000,71127000.000,75298000.000,79478000.000,-149541000.000,79519000.000
