,2011-03-31,2011-06-30,2011-09-30,2011-12-31,2012-03-31,2012-06-30,2012-09-30,2012-12-31,2013-03-31,2013-06-30,2013-09-30,2013-12-31,2014-03-31,2014-06-30,2014-09-30,2014-12-31,2015-03-31,2015-06-30,2015-09-30,2015-12-31,2016-03-31,2016-06-30,2016-09-30,2016-12-31,2017-03-31,2017-06-30
AdjustmentToAdditionalPaidInCapitalIncomeTaxEffectFromShareBasedCompensationNet,,,,,,,,,,,,,,,,,,,,,124000.000,,,,,
AdjustmentsNoncashItemsToReconcileNetIncomeLossToCashProvidedByUsedInOperatingActivitiesOther,208000.000,,,,,,,,,,,,,,,,,,,,,,,,,
AdjustmentsToAdditionalPaidInCapitalTaxEffectFromShareBasedCompensation,,,,,,,,,,,,,20000.000,,,,233000.000,,,,,,,,,
AllocatedShareBasedCompensationExpense,3900000.000,4600000.000,500000.000,2700000.000,3800000.000,3700000.000,2800000.000,2800000.000,2800000.000,3100000.000,2800000.000,3200000.000,3200000.000,4700000.000,3400000.000,3800000.000,5600000.000,5100000.000,4300000.000,6900000.000,8500000.000,6200000.000,7700000.000,8100000.000,5300000.000,6200000.000
AmortizationOfDeferredCharges,,,,,3304000.000,,,,3468000.000,,,,2373000.000,,,,3542000.000,,,,3356000.000,,,,3805000.000,
AmortizationOfFinancingCosts,,,,,43000.000,,,,98000.000,,,,131000.000,,,,166000.000,,,,141000.000,,,,131000.000,
AmortizationOfIntangibleAssets,112000.000,116000.000,113000.000,124000.000,176000.000,190000.000,166000.000,174000.000,364000.000,373000.000,409000.000,472000.000,402000.000,416000.000,441000.000,465000.000,430000.000,443000.000,429000.000,558000.000,491000.000,515000.000,531000.000,542000.000,602000.000,779000.000
AntidilutiveSecuritiesExcludedFromComputationOfEarningsPerShareAmount,,,,,,,,,,,,,4499145.000,4325037.000,4278053.000,-8951227.000,2317669.000,416902.000,1473950.000,-2959178.000,3245033.000,2652438.000,2570983.000,-5653547.000,1785013.000,4533449.000
AssetImpairmentCharges,,,8000.000,,,,0.000,,,,,,,,,,,,245000.000,,,,1223000.000,,,1225000.000
CashAndCashEquivalentsPeriodIncreaseDecrease,-13011000.000,,,,3450000.000,,,,-6178000.000,,,,146000.000,,,,33839000.000,,,,-57697000.000,,,,-14278000.000,
CashFlowHedgeGainLossToBeReclassifiedWithinTwelveMonths,,,,,,,,,,,,,,,,,,,,,1800000.000,,,,400000.000,
CashProvidedByUsedInOperatingActivitiesDiscontinuedOperations,,,,,,,,,,,,,-572000.000,,,,0.000,,,,,,,,,
ComprehensiveIncomeNetOfTax,-933000.000,1137000.000,7417000.000,6587000.000,2981000.000,11528000.000,15378000.000,11593000.000,2658000.000,11763000.000,2219000.000,28737000.000,52000.000,14475000.000,4312000.000,18879000.000,-1421000.000,24895000.000,6760000.000,21314000.000,13238000.000,7052000.000,2434000.000,8307000.000,828000.000,-326000.000
ComprehensiveIncomeNetOfTaxAttributableToNoncontrollingInterest,,,,,,,,,,,,,,469000.000,467000.000,,1089000.000,2047000.000,2056000.000,4004000.000,1951000.000,2318000.000,1717000.000,2811000.000,-816000.000,3935000.000
ComprehensiveIncomeNetOfTaxIncludingPortionAttributableToNoncontrollingInterest,,,,,,,,,,,,,,14944000.000,4779000.000,,-332000.000,26942000.000,8816000.000,25318000.000,15189000.000,9370000.000,4151000.000,11118000.000,12000.000,3609000.000
CostOfGoodsSold,10851000.000,9661000.000,8083000.000,10147000.000,9095000.000,7980000.000,10652000.000,9811000.000,5059000.000,11416000.000,4086000.000,16956000.000,3719000.000,9366000.000,6041000.000,17871000.000,7540000.000,13521000.000,21949000.000,20625000.000,17791000.000,15594000.000,15690000.000,20605000.000,7464000.000,11453000.000
CostOfRevenue,,30930000.000,31050000.000,,28735000.000,31377000.000,35961000.000,35484000.000,23830000.000,38717000.000,24484000.000,36303000.000,21789000.000,31351000.000,25300000.000,38713000.000,26230000.000,38125000.000,42712000.000,47450000.000,39952000.000,41466000.000,41651000.000,51587000.000,32886000.000,38299000.000
CostOfServices,11377000.000,17525000.000,19113000.000,21262000.000,15620000.000,18651000.000,21107000.000,17239000.000,15318000.000,23126000.000,16339000.000,14061000.000,14350000.000,17180000.000,14788000.000,15910000.000,14807000.000,19495000.000,15899000.000,20654000.000,17596000.000,20528000.000,20393000.000,25263000.000,19814000.000,21266000.000
DebtConversionConvertedInstrumentWarrantsOrOptionsIssued1,,,0.000,,0.000,,,,,,,,,,,,,,,,,,,,,
DeferredIncomeTaxExpenseBenefit,-315000.000,,,,651000.000,,,,904000.000,,,,-75000.000,,,,191000.000,,,,-185000.000,,,,-958000.000,
DefinedBenefitPlanInterestCost,,,,,,,,,,,,,,,,,,,,,,,,,107000.000,107000.000
DefinedBenefitPlanNetPeriodicBenefitCost,,,,,,,,,,,,,,,,,,,,,,,,,107000.000,107000.000
DefinedBenefitPlanRecognizedNetGainLossDueToSettlementsAndCurtailments1,,,,,,,,,2185000.000,,,,0.000,0.000,0.000,0.000,,,,,,,,,,
DepreciationAmortizationAndAccretionNet,5247000.000,,,,7466000.000,,,,8591000.000,,,,7555000.000,,,,9633000.000,,,,10438000.000,,,,12088000.000,
DerivativeInstrumentsGainLossReclassifiedFromAccumulatedOCIIntoIncomeEffectivePortionNet,-258000.000,-466000.000,-229000.000,269000.000,49000.000,87000.000,-158000.000,-214000.000,-130000.000,82000.000,179000.000,181000.000,248000.000,256000.000,248000.000,434000.000,635000.000,516000.000,1045000.000,1021000.000,1277000.000,716000.000,572000.000,513000.000,285000.000,-101000.000
DerivativeInstrumentsGainLossRecognizedInOtherComprehensiveIncomeEffectivePortionNet,302000.000,49000.000,-1151000.000,638000.000,387000.000,-150000.000,589000.000,-110000.000,-302000.000,-498000.000,535000.000,-766000.000,-810000.000,937000.000,-1278000.000,-1373000.000,-3026000.000,352000.000,-2309000.000,-898000.000,2207000.000,-49000.000,-293000.000,-816000.000,313000.000,772000.000
DiscontinuedOperationIncomeLossFromDiscontinuedOperationNetOfTaxPerBasicShare,,,,,,,,,,,,,0.010,0.000,0.000,0.550,0.000,0.000,0.000,0.780,,,,,,
DiscontinuedOperationIncomeLossFromDiscontinuedOperationNetOfTaxPerDilutedShare,,,,,,,,,,,,,0.010,0.000,0.000,-0.010,0.000,0.000,0.000,0.000,,,,,,
DiscontinuedOperationTaxEffectOfDiscontinuedOperation,,,,,,,,,,,,,217000.000,0.000,0.000,0.000,,,,,,,,,,
DisposalGroupIncludingDiscontinuedOperationCostsOfGoodsSold,,,,,,,,,,,,,-537000.000,0.000,0.000,0.000,,,,,,,,,,
DisposalGroupIncludingDiscontinuedOperationRevenue,,,,,,,,,,,,,35000.000,0.000,0.000,0.000,,,,,,,,,,
EarningsPerShareBasic,,0.030,0.130,,0.040,0.170,0.230,0.190,0.040,0.180,0.020,0.420,0.010,0.190,0.070,0.310,0.000,0.340,0.120,0.330,0.140,0.110,0.040,0.140,0.000,-0.030
EarningsPerShareDiluted,,0.030,0.120,,0.040,0.160,0.220,0.190,0.040,0.170,0.020,0.410,0.010,0.190,0.070,0.290,0.000,0.340,0.120,0.320,0.140,0.110,0.040,0.130,0.000,-0.030
EffectOfExchangeRateOnCashAndCashEquivalents,-70000.000,,,,30000.000,,,,17000.000,,,,-21000.000,,,,-38000.000,,,,-100000.000,,,,46000.000,
EmployeeBenefitsAndShareBasedCompensation,4107000.000,,,,3982000.000,,,,3000000.000,,,,3281000.000,,,,5666000.000,,,,8667000.000,,,,5660000.000,
EntityWideDisclosureOnGeographicAreasRevenueFromExternalCustomersAttributedToEntitysCountryOfDomicile,,36240000.000,39502000.000,,26600000.000,32510000.000,38897000.000,,,,,,,,,,,,,,,,,,,
EquityMethodInvestmentSummarizedFinancialInformationCostOfSales,,2400000.000,2700000.000,,3100000.000,2900000.000,2900000.000,3800000.000,5500000.000,3200000.000,3100000.000,14200000.000,,,,,,,,,,,,,,
EquityMethodInvestmentSummarizedFinancialInformationNetIncomeLoss,,4400000.000,-4300000.000,,-4500000.000,-2400000.000,-3000000.000,23300000.000,-2200000.000,-4300000.000,-3300000.000,36100000.000,,,,,,,,,,,,,,
EquityMethodInvestmentSummarizedFinancialInformationRevenue,,300000.000,-700000.000,,-1000000.000,-2800000.000,-2700000.000,15500000.000,-3400000.000,-800000.000,-1200000.000,12000000.000,,,,,,,,,,,,,,
FairValueMeasurementWithUnobservableInputsReconciliationRecurringBasisAssetGainLossIncludedInEarnings1,,,,,,,,,,,,,0.000,,,,0.000,,,,,,,,,
FairValueMeasurementWithUnobservableInputsReconciliationRecurringBasisAssetGainLossIncludedInOtherComprehensiveIncome,,,,,0.000,,,,,,,,,,,,,,,,,,,,,
FairValueMeasurementWithUnobservableInputsReconciliationRecurringBasisAssetGainLossIncludedInOtherComprehensiveIncomeLoss,,,,,,,,,0.000,,,,0.000,,,,0.000,,,,,,,,,
FairValueMeasurementWithUnobservableInputsReconciliationRecurringBasisAssetPurchasesSalesIssuancesSettlements,,,,,0.000,,,,,,,,0.000,,,,0.000,,,,,,,,,
FairValueMeasurementWithUnobservableInputsReconciliationRecurringBasisAssetTransfersNet,,,,,0.000,,,,0.000,,,,0.000,,,,0.000,,,,0.000,,,,0.000,
FiniteLivedIntangibleAssetsCostIncurredToRenewOrExtend,,100000.000,,,,100000.000,,,100000.000,100000.000,100000.000,-200000.000,100000.000,100000.000,100000.000,-200000.000,100000.000,100000.000,100000.000,-200000.000,100000.000,100000.000,100000.000,-100000.000,100000.000,100000.000
FiniteLivedIntangibleAssetsPeriodIncreaseDecrease,,,,,,,,,,,,,200000.000,,,,500000.000,,,,1000000.000,,,,1600000.000,
ForeignCurrencyTransactionGainLossBeforeTax,,100000.000,-4100000.000,,1400000.000,-500000.000,300000.000,0.000,100000.000,-800000.000,800000.000,-800000.000,-700000.000,700000.000,-1100000.000,-400000.000,-1600000.000,600000.000,-500000.000,-900000.000,500000.000,-400000.000,-200000.000,-800000.000,100000.000,-200000.000
ForeignCurrencyTransactionGainLossUnrealized,1084000.000,,,,1388000.000,,,,-189000.000,,,,-646000.000,,,,-1351000.000,,,,557000.000,,,,171000.000,
FutureAmortizationExpenseRemainderOfFiscalYear,,,,,1500000.000,,,,,,,,,,,,,,,,,,,,,
FutureAmortizationExpenseYearFive,,,,,2000000.000,,,,,,,,,,,,,,,,,,,,,
FutureAmortizationExpenseYearFour,,,,,2000000.000,,,,,,,,,,,,,,,,,,,,,
FutureAmortizationExpenseYearOne,,,,,1500000.000,,,,,,,,,,,,,,,,,,,,,
FutureAmortizationExpenseYearThree,,,,,2000000.000,,,,,,,,,,,,,,,,,,,,,
FutureAmortizationExpenseYearTwo,,,,,2000000.000,,,,,,,,,,,,,,,,,,,,,
GainLossOnForeignCurrencyDerivativeInstrumentsNotDesignatedAsHedgingInstruments,,93000.000,-3893000.000,,1181000.000,-351000.000,400000.000,-46000.000,0.000,0.000,0.000,0.000,,,,,,,,,,,,,,
GrossProfit,20646000.000,26302000.000,36438000.000,29832000.000,26861000.000,38833000.000,44750000.000,42289000.000,26039000.000,43576000.000,27258000.000,67730000.000,26408000.000,47794000.000,35442000.000,63744000.000,35981000.000,69035000.000,42389000.000,71883000.000,52176000.000,50277000.000,44899000.000,55326000.000,35771000.000,49459000.000
ImpairedFinancingReceivableAverageRecordedInvestment,,,,,,731000.000,,,,535000.000,513000.000,,528000.000,524000.000,525000.000,-1051000.000,525000.000,525000.000,525000.000,-827000.000,748000.000,748000.000,748000.000,-1607000.000,525000.000,463000.000
ImpairedFinancingReceivableInterestIncomeAccrualMethod,,,,,,0.000,,,,0.000,0.000,,0.000,0.000,0.000,0.000,0.000,0.000,0.000,0.000,0.000,0.000,0.000,0.000,0.000,0.000
ImpairmentOfIntangibleAssetsFinitelived,,,,,,,,,0.000,,,,,,,,,,,,9000.000,,,,0.000,
IncomeLossFromContinuingOperations,,1825000.000,8392000.000,,2588000.000,11080000.000,14990000.000,12679000.000,2861000.000,11816000.000,1609000.000,28138000.000,579000.000,,,,,,,,,,,,,
IncomeLossFromContinuingOperationsBeforeIncomeTaxesExtraordinaryItemsNoncontrollingInterest,,3910000.000,14010000.000,,4040000.000,15117000.000,22138000.000,16483000.000,4233000.000,17043000.000,2572000.000,39962000.000,558000.000,19348000.000,6782000.000,30663000.000,2594000.000,36385000.000,13418000.000,34681000.000,16336000.000,15389000.000,7625000.000,18503000.000,-518000.000,1835000.000
IncomeLossFromContinuingOperationsIncludingPortionAttributableToNoncontrollingInterest,,,,,,,,,,,,,224000.000,13779000.000,5297000.000,22514000.000,1485000.000,26380000.000,10514000.000,26245000.000,,,,,,
IncomeLossFromContinuingOperationsPerBasicShare,-0.020,,,,,,,,,,,,0.000,0.190,0.070,0.310,0.000,0.340,0.120,0.330,,,,,,
IncomeLossFromContinuingOperationsPerDilutedShare,-0.020,,,,,,,,,,,,0.000,0.190,0.070,-0.250,0.000,0.340,0.120,-0.460,,,,,,
IncomeLossFromDiscontinuedOperationsNetOfTax,,,,,,,,,,,,,355000.000,0.000,0.000,0.000,0.000,0.000,0.000,0.000,,,,,,
IncomeLossFromEquityMethodInvestments,-422000.000,-451000.000,-439000.000,-479000.000,-459000.000,-245000.000,-334000.000,-324000.000,-220000.000,-434000.000,-344000.000,-1759000.000,-262000.000,-162000.000,-297000.000,-350000.000,-434000.000,-749000.000,-427000.000,-792000.000,-441000.000,-1340000.000,-690000.000,150000.000,-255000.000,-264000.000
IncomeTaxExpenseBenefit,-309000.000,1634000.000,5179000.000,2884000.000,993000.000,3792000.000,6814000.000,-26678000.000,1152000.000,4793000.000,619000.000,10065000.000,72000.000,5407000.000,1188000.000,7799000.000,675000.000,9256000.000,2477000.000,7644000.000,3718000.000,3366000.000,2551000.000,6577000.000,114000.000,-238000.000
IncomeTaxReconciliationChangeInEnactedTaxRate,,,,,,700000.000,,,,,,,,,,,,,,,,,,,,
IncomeTaxesPaid,,,,,372000.000,,,,173000.000,,,,2526000.000,,,,14039000.000,,,,12051000.000,,,,7270000.000,
IncreaseDecreaseInAccountsPayable,,,,,1759000.000,,,,2245000.000,,,,-5077000.000,,,,8628000.000,,,,-2470000.000,,,,-6041000.000,
IncreaseDecreaseInAccountsReceivable,,,,,-856000.000,,,,6353000.000,,,,-13011000.000,,,,-9456000.000,,,,-6070000.000,,,,-161000.000,
IncreaseDecreaseInDeferredCharges,2250000.000,,,,,,,,,,,,,,,,,,,,,,,,,
IncreaseDecreaseInDeferredRevenue,,,,,6478000.000,,,,2409000.000,,,,6477000.000,,,,7125000.000,,,,-2998000.000,,,,10619000.000,
IncreaseDecreaseInFilmCosts,,,,,-3958000.000,,,,-3866000.000,,,,,,,,,,,,,,,,,
IncreaseDecreaseInFilmCosts1,,,,,,,,,,,,,-1888000.000,,,,-3013000.000,,,,-3919000.000,,,,-3334000.000,
IncreaseDecreaseInFinanceReceivables,,,,,876000.000,,,,2011000.000,,,,-3191000.000,,,,674000.000,,,,1748000.000,,,,-1763000.000,
IncreaseDecreaseInInsuranceSettlementsReceivable,,,,,-336000.000,,,,88000.000,,,,50000.000,,,,22000.000,,,,-132000.000,,,,96000.000,
IncreaseDecreaseInInventories,,,,,3492000.000,,,,1643000.000,,,,4032000.000,,,,8601000.000,,,,5994000.000,,,,3312000.000,
IncreaseDecreaseInOperatingCapital,14494000.000,,,,-145000.000,,,,10703000.000,,,,-2755000.000,,,,9805000.000,,,,22746000.000,,,,17280000.000,
IncreaseDecreaseInOtherOperatingAssets,,,,,531000.000,,,,298000.000,,,,180000.000,,,,873000.000,,,,441000.000,,,,-100000.000,
IncreaseDecreaseInOtherOperatingLiabilities,,,,,-4143000.000,,,,-3978000.000,,,,-7954000.000,,,,-22407000.000,,,,-12986000.000,,,,-18825000.000,
IncreaseDecreaseInPrepaidExpense,,,,,62000.000,,,,949000.000,,,,1829000.000,,,,2080000.000,,,,2345000.000,,,,1421000.000,
IncrementalCommonSharesAttributableToShareBasedPaymentArrangements,,4323000.000,3102000.000,,2756000.000,2552000.000,2371000.000,-5600107.000,2044000.000,1941.000,1807.000,-237845.000,1412639.000,1224269.000,1121874.000,-2350504.000,1466168.000,1845012.000,1161384.000,-4471032.000,740951.000,686904.000,656438.000,-2083605.000,817104.000,198789.000
InterestAndFeeIncomeLoansAndLeases,1354000.000,1474000.000,1581000.000,1753000.000,1680000.000,1802000.000,2055000.000,1986000.000,1984000.000,2024000.000,2071000.000,2063000.000,2180000.000,2060000.000,2132000.000,2152000.000,2245000.000,2229000.000,2329000.000,2309000.000,2336000.000,2367000.000,2288000.000,2509000.000,2412000.000,2383000.000
InterestExpense,443000.000,551000.000,431000.000,402000.000,526000.000,476000.000,373000.000,-686000.000,345000.000,348000.000,315000.000,337000.000,266000.000,268000.000,269000.000,121000.000,304000.000,403000.000,463000.000,491000.000,398000.000,458000.000,469000.000,480000.000,455000.000,435000.000
InterestPaid,,,,,394000.000,,,,246000.000,,,,0.000,,,,61000.000,,,,180000.000,,,,190000.000,
InventoryWriteDown,,,,,0.000,,,,,,,,7000.000,36000.000,40000.000,276000.000,33000.000,431000.000,-59000.000,167000.000,184000.000,77000.000,-15000.000,212000.000,0.000,47000.000
LitigationSettlementExpense,2055000.000,,0.000,,0.000,0.000,0.000,0.000,,,,,,,,,,,,,,,,,,
NetCashProvidedByUsedInFinancingActivities,831000.000,,,,3405000.000,,,,7604000.000,,,,-47000.000,,,,55870000.000,,,,-53218000.000,,,,499000.000,
NetCashProvidedByUsedInFinancingActivitiesContinuingOperations,831000.000,,,,3405000.000,,,,7604000.000,,,,-47000.000,,,,55870000.000,,,,-53218000.000,,,,499000.000,
NetCashProvidedByUsedInInvestingActivities,-4206000.000,,,,-10411000.000,,,,-12810000.000,,,,-13720000.000,,,,-28062000.000,,,,-9343000.000,,,,-14206000.000,
NetCashProvidedByUsedInInvestingActivitiesContinuingOperations,-4206000.000,,,,-10411000.000,,,,-12810000.000,,,,-13720000.000,,,,-28062000.000,,,,-9343000.000,,,,-14206000.000,
NetCashProvidedByUsedInOperatingActivities,-9566000.000,,,,10426000.000,,,,-989000.000,,,,13934000.000,,,,6069000.000,,,,4964000.000,,,,-617000.000,
NetCashProvidedByUsedInOperatingActivitiesContinuingOperations,-9566000.000,,,,10426000.000,,,,-989000.000,,,,13934000.000,,,,6069000.000,,,,4964000.000,,,,-617000.000,
NetIncomeLoss,-1003000.000,1825000.000,8392000.000,6329000.000,2588000.000,11080000.000,14990000.000,12679000.000,2861000.000,11816000.000,1609000.000,27829000.000,579000.000,13307000.000,4858000.000,20992000.000,391000.000,24350000.000,8610000.000,22493000.000,9527000.000,7791000.000,2525000.000,8945000.000,75000.000,-1712000.000
NetIncomeLossAttributableToRedeemableNoncontrollingInterest,,,,,,,,,,,,,,472000.000,439000.000,,1094000.000,2030000.000,1904000.000,3752000.000,2650000.000,2892000.000,1859000.000,3131000.000,-962000.000,3521000.000
NetIncomeLossAvailableToCommonStockholdersBasic,,,,,,,,,,,,,,13165000.000,4716000.000,,169000.000,24088000.000,8347000.000,22471000.000,9527000.000,7791000.000,2525000.000,8945000.000,75000.000,-1712000.000
OperatingIncomeLoss,-465000.000,4448000.000,14428000.000,10081000.000,4542000.000,15566000.000,22489000.000,15785000.000,4565000.000,17379000.000,2873000.000,40283000.000,808000.000,19592000.000,6902000.000,30568000.000,2652000.000,36529000.000,13659000.000,34931000.000,16267000.000,15467000.000,7724000.000,18710000.000,-291000.000,1990000.000
OperatingLeasesIncomeStatementLeaseRevenue,5051000.000,9015000.000,11350000.000,9394000.000,12470000.000,16429000.000,14013000.000,18356000.000,9972000.000,17823000.000,10987000.000,22511000.000,10791000.000,17841000.000,13646000.000,18427000.000,13814000.000,28527000.000,16665000.000,24645000.000,21779000.000,20752000.000,16007000.000,18777000.000,15857000.000,19438000.000
OperatingLeasesRentExpenseNet,,1000000.000,1300000.000,,1500000.000,1500000.000,1500000.000,1700000.000,1600000.000,1800000.000,1500000.000,1600000.000,,,,,,,,,,,,,,
OperatingLeasesRentExpenseSubleaseRentals1,,0.000,,,,0.000,0.000,,0.000,0.000,,,,,,,,,,,,,,,,
OtherAssetImpairmentCharges,,,,,12000.000,,,,,,,,,,,,,,,,,,,,3416000.000,
OtherComprehensiveIncomeAvailableforsaleSecuritiesTaxPortionAttributableToParent,,-61000.000,0.000,,0.000,,,,,,,,,,,,,,,,,,,,,
OtherComprehensiveIncomeDefinedBenefitPlansAdjustmentBeforeTaxPeriodIncreaseDecrease,,,0.000,,,,,,,,,,,,,,,,,,,,,,,
OtherComprehensiveIncomeDefinedBenefitPlansNetUnamortizedGainLossArisingDuringPeriodTax,,,,,,,,,0.000,0.000,0.000,588000.000,,,,,,,,,,,,,,
OtherComprehensiveIncomeFinalizationOfPensionAndNonPensionPostretirementPlanValuationTax,,,,,,,,,100000.000,0.000,0.000,0.000,0.000,0.000,0.000,0.000,,,,,,,,,,
OtherComprehensiveIncomeForeignCurrencyTransactionAndTranslationAdjustmentBeforeTaxPortionAttributableToParent,,,,,,,,,-348000.000,235000.000,-2000.000,0.000,-146000.000,,,,-63000.000,,,,1121000.000,,,,312000.000,
OtherComprehensiveIncomeForeignCurrencyTransactionAndTranslationGainLossBeforeReclassificationAndTax,,,,,,,,,,,,,,-32000.000,318000.000,,-70000.000,-100000.000,-992000.000,-959000.000,422000.000,-1819000.000,-452000.000,-1002000.000,458000.000,1304000.000
OtherComprehensiveIncomeLossBeforeTax,,,,,,,522000.000,,-271000.000,-70000.000,823000.000,1284000.000,-708000.000,1511000.000,-712000.000,-2801000.000,-2461000.000,768000.000,-2256000.000,-442000.000,3923000.000,-1135000.000,-156000.000,-944000.000,1056000.000,1975000.000
OtherComprehensiveIncomeLossBeforeTaxPeriodIncreaseDecrease,,,,,527000.000,516000.000,,,,,,,,,,,,,,,,,,,,
OtherComprehensiveIncomeLossFinalizationOfPensionAndNonPensionPostretirementPlanValuationBeforeTax,,,,,,,,,398000.000,0.000,0.000,0.000,0.000,0.000,0.000,0.000,,,,,,,,,,
OtherComprehensiveIncomeLossForeignCurrencyTranslationAdjustmentTax,,,,,,,,,-87000.000,61000.000,0.000,0.000,-33000.000,-7000.000,72000.000,-91000.000,-16000.000,-21000.000,-226000.000,348000.000,0.000,0.000,0.000,0.000,,
OtherComprehensiveIncomeLossNetOfTax,,,,,,,,,,,,,,1165000.000,-518000.000,,-1817000.000,562000.000,-1698000.000,-927000.000,3012000.000,-1313000.000,-233000.000,-958000.000,899000.000,1800000.000
OtherComprehensiveIncomeLossNetOfTaxPortionAttributableToParent,,,,,,,,,,,,,-527000.000,,,,,,,,,,,,,
OtherComprehensiveIncomeLossReclassificationAdjustmentForWriteDownOfSecuritiesIncludedInNetIncomeTax,,,,,,,0.000,,,0.000,,,,,,,,,,,,,,,,
OtherComprehensiveIncomeLossReclassificationAdjustmentForWritedownOfSecuritiesIncludedInNetIncomeBeforeTax,,,,,,,0.000,,,0.000,,,,,,,,,,,,,,,,
OtherComprehensiveIncomeLossReclassificationAdjustmentFromAOCIForWritedownOfSecuritiesBeforeTax,,,,,,,,,,,0.000,,,350000.000,0.000,,,0.000,0.000,,,,,,,
OtherComprehensiveIncomeLossReclassificationAdjustmentFromAOCIForWritedownOfSecuritiesTax,,,,,,,,,,,0.000,,,45000.000,0.000,,,0.000,0.000,,,,,,,
OtherComprehensiveIncomeLossReclassificationAdjustmentFromAOCIOnDerivativesBeforeTax,,,,,,,,,,,,,248000.000,,,,635000.000,,,,1277000.000,,,,285000.000,
OtherComprehensiveIncomeLossReclassificationAdjustmentFromAOCIOnDerivativesTax,,,,,,,,,,,-46000.000,,65000.000,-66000.000,-64000.000,-241000.000,795000.000,-135000.000,-274000.000,-1230000.000,-574000.000,-186000.000,-149000.000,107000.000,-75000.000,-201000.000
OtherComprehensiveIncomeLossReclassificationAdjustmentFromAOCIPensionAndOtherPostretirementBenefitPlansForNetGainLossBeforeTax,,,,,,,,,,,-111000.000,,0.000,0.000,0.000,0.000,,,,,-17000.000,-17000.000,-17000.000,,0.000,
OtherComprehensiveIncomeLossReclassificationAdjustmentFromAOCIPensionAndOtherPostretirementBenefitPlansForNetGainLossTax,,,,,,,,,,,-29000.000,,0.000,0.000,0.000,,,,,,-5000.000,-5000.000,-4000.000,,0.000,0.000
OtherComprehensiveIncomeLossReclassificationAdjustmentOnDerivativesIncludedInNetIncomeBeforeTax,,,,,,,,,-130000.000,,,,,,,,,,,,,,,,,
OtherComprehensiveIncomeLossReclassificationAdjustmentOnDerivativesIncludedInNetIncomeTax,,,,,,,-42000.000,,-33000.000,22000.000,,,,,,,,,,,,,,,,
OtherComprehensiveIncomeLossReclassificationPensionAndOtherPostretirementBenefitPlansNetGainLossRecognizedInNetPeriodicBenefitCostTax,,,,,,,23000.000,,29000.000,29000.000,,,,,,,,,,,,,,,,
OtherComprehensiveIncomeLossTax,28000.000,-164000.000,-352000.000,876000.000,134000.000,68000.000,134000.000,-379000.000,-68000.000,-17000.000,213000.000,376000.000,-181000.000,346000.000,-194000.000,-721000.000,-644000.000,206000.000,-558000.000,485000.000,911000.000,178000.000,77000.000,14000.000,157000.000,175000.000
OtherComprehensiveIncomeLossTaxPortionAttributableToParent1,,,,,,,,,,,,,,,,,642000.000,,,,-911000.000,,,,-157000.000,
OtherComprehensiveIncomeReclassificationAdjustmentForWriteDownOfSecuritiesIncludedInNetIncomeBeforeTax,,,,,,150000.000,,,,,,,,,,,,,,,,,,,,
OtherComprehensiveIncomeReclassificationAdjustmentForWriteDownOfSecuritiesIncludedInNetIncomeTax,,,,,,-19000.000,,,,,,,,,,,,,,,,,,,,
OtherComprehensiveIncomeReclassificationAdjustmentOnDerivativesIncludedInNetIncomeNetOfTax,,,,,49000.000,,,,,,,,,,,,,,,,,,,,,
OtherComprehensiveIncomeReclassificationAdjustmentOnDerivativesIncludedInNetIncomeTax,,126000.000,21000.000,,-12000.000,-23000.000,,,,,,,,,,,,,,,,,,,,
OtherComprehensiveIncomeReclassificationOfDefinedBenefitPlansNetGainLossRecognizedInNetPeriodicBenefitCostBeforeTax,,53000.000,53000.000,,91000.000,91000.000,91000.000,92000.000,111000.000,111000.000,,,,,,,,,,,,,,,,
OtherComprehensiveIncomeReclassificationOfDefinedBenefitPlansNetGainLossRecognizedInNetPeriodicBenefitCostNetOfTax,54000.000,,,,,,,,,,,,,,,,,,,,,,,,,
OtherComprehensiveIncomeReclassificationOfDefinedBenefitPlansNetGainLossRecognizedInNetPeriodicBenefitCostTax,,-11000.000,-13000.000,,-23000.000,-23000.000,,,,,,,,,,,,,,,,,,,,
OtherComprehensiveIncomeUnrealizedGainLossOnDerivativesArisingDuringPeriodNetOfTax,,,,,387000.000,,,,-302000.000,,,,-810000.000,,,,-3026000.000,,,,2207000.000,,,,313000.000,
OtherComprehensiveIncomeUnrealizedGainLossOnDerivativesArisingDuringPeriodTax,,12000.000,-344000.000,,99000.000,-39000.000,153000.000,-28000.000,-77000.000,-129000.000,138000.000,-196000.000,-83000.000,242000.000,-330000.000,-487000.000,167000.000,92000.000,-606000.000,-1196000.000,332000.000,-13000.000,-76000.000,28000.000,82000.000,-26000.000
OtherComprehensiveIncomeUnrealizedHoldingGainLossOnSecuritiesArisingDuringPeriodBeforeTax,,-488000.000,0.000,,,338000.000,0.000,,,0.000,0.000,,,,,,,,,,,,,,,
OtherComprehensiveIncomeUnrealizedHoldingGainLossOnSecuritiesArisingDuringPeriodTax,,,,,,42000.000,0.000,,,0.000,0.000,,,,,,,,,,,,,,,
OtherCostOfOperatingRevenue,,,386000.000,,0.000,0.000,0.000,0.000,0.000,0.000,0.000,0.000,0.000,,,,,,,,,46000.000,64000.000,,,0.000
OtherDepreciationAndAmortization,,,,,115000.000,,,,140000.000,,,,160000.000,,,,188000.000,,,,205000.000,,,,220000.000,
OtherIncome,250000.000,,1075000.000,,0.000,0.000,0.000,732000.000,375000.000,0.000,0.000,0.000,0.000,0.000,0.000,0.000,,141000.000,0.000,,,750000.000,225000.000,,,0.000
OtherNonoperatingIncome,,13000.000,13000.000,,24000.000,27000.000,22000.000,12000.000,13000.000,12000.000,14000.000,16000.000,16000.000,24000.000,149000.000,216000.000,246000.000,259000.000,222000.000,241000.000,467000.000,380000.000,370000.000,273000.000,228000.000,280000.000
OtherTaxExpenseBenefit,,,,,,,,,,,,,,,,,,,,,,100000.000,0.000,,600000.000,
OtherThanTemporaryImpairmentLossesInvestmentsAvailableforsaleSecurities,,,,,,150000.000,0.000,,,0.000,0.000,,,650000.000,0.000,,,350000.000,0.000,,,194000.000,0.000,,,0.000
PaymentsForProceedsFromOtherInvestingActivities,,,,,381000.000,,,,0.000,,,,,,,,,,,,,,,,1000000.000,
PaymentsForRepurchaseOfCommonStock,,,,,,,,,,,,,,,2369000.000,,,,34279000.000,,44618000.000,41096000.000,14664000.000,16140000.000,0.000,
PaymentsForRepurchaseOfOtherEquity,,,,,,,,,,,,,,,,,,,,,,,,,779000.000,
PaymentsOfDebtIssuanceCosts,,,,,,,,,1881000.000,,,,0.000,,,,1003000.000,,,,0.000,,,,,
PaymentsRelatedToTaxWithholdingForShareBasedCompensation,,,,,,,,,,,,,,,,,,,,,,,,,146000.000,
PaymentsToAcquireIntangibleAssets,232000.000,,,,2568000.000,,,,778000.000,,,,287000.000,,,,665000.000,,,,770000.000,,,,1591000.000,
PaymentsToAcquirePropertyPlantAndEquipment,838000.000,,,,374000.000,,,,3315000.000,,,,7927000.000,,,,22582000.000,,,,4585000.000,,,,4068000.000,
PriorPeriodReclassificationAdjustment,,,,,,,,,,,,,,,,,,,,,,2700000.000,,,,
ProceedsFromBankDebt,,,,,4917000.000,,,,12000000.000,,,,0.000,,,,11371000.000,,,,0.000,,,,,
ProceedsFromMinorityShareholders,,,,,,,,,,,,,,,,,40000000.000,,,,0.000,,,,,
ProceedsFromPaymentsForOtherFinancingActivities,,,,,,,,,,,,,-789000.000,,,,-3905000.000,,,,-5849000.000,,,,-11158000.000,
ProceedsFromStockOptionsExercised,831000.000,,,,3488000.000,,,,2485000.000,,,,742000.000,,,,11407000.000,,,,740000.000,,,,13082000.000,
ProductWarrantyAccrualPayments,,,,,-52000.000,,,,10000.000,,,,1000.000,,,,0.000,,,,,,,,,
ProductWarrantyAccrualPreexistingIncreaseDecrease,,,,,-18000.000,,,,0.000,,,,,,,,0.000,,,,,,,,,
ProductWarrantyAccrualWarrantiesIssued,,,,,0.000,,,,0.000,,,,5000.000,,,,0.000,,,,,,,,,
ProfitLoss,,,,,,,,,,,,,,13779000.000,5297000.000,,1485000.000,26380000.000,10514000.000,26245000.000,12177000.000,10683000.000,4384000.000,12076000.000,-887000.000,1809000.000
ProvisionForDoubtfulAccounts,,151000.000,163000.000,,,137000.000,241000.000,,,-45000.000,14000.000,,,329000.000,0.000,,,,,,,,,,,
ProvisionForLoanLeaseAndOtherLosses,208000.000,151000.000,408000.000,803000.000,451000.000,137000.000,241000.000,-305000.000,0.000,55000.000,224000.000,166000.000,287000.000,329000.000,26000.000,276000.000,5000.000,343000.000,361000.000,43000.000,126000.000,230000.000,275000.000,323000.000,185000.000,940000.000
ReclassificationFromAccumulatedOtherComprehensiveIncomeCurrentPeriodNetOfTax,,,,,,,,,,,,,,,,,,,,,,,,,-47000.000,-33000.000
RecognitionOfDeferredRevenue,,,,,,,,,,,,,,,,,352000.000,,,,377000.000,,,,-99000.000,
RepaymentsOfBankDebt,,,,,5000000.000,,,,5000000.000,,,,0.000,,,,,,,,500000.000,,,,500000.000,
ResearchAndDevelopmentExpense,1868000.000,2117000.000,2041000.000,1803000.000,2630000.000,2465000.000,2528000.000,3788000.000,3634000.000,3659000.000,3974000.000,3504000.000,3599000.000,3309000.000,4560000.000,4628000.000,4542000.000,2347000.000,2722000.000,3119000.000,3708000.000,3435000.000,4460000.000,4712000.000,4334000.000,5678000.000
RestructuringSettlementAndImpairmentProvisions,,,,,,,,,,,,,,,,,,,,,,,,,,10258000.000
Revenues,45160000.000,57232000.000,67488000.000,66676000.000,55596000.000,70210000.000,80711000.000,77773000.000,49869000.000,82293000.000,51742000.000,104033000.000,48197000.000,79145000.000,60742000.000,102457000.000,62211000.000,107160000.000,85101000.000,119333000.000,92128000.000,91743000.000,86550000.000,106913000.000,68657000.000,87758000.000
RevenuesFromExternalCustomers,,57232000.000,67488000.000,,55596000.000,70210000.000,80711000.000,77773000.000,49869000.000,82293000.000,,,,,,,,,,,,,,,,
SalesCommissionsAndFees,,100000.000,600000.000,,700000.000,500000.000,900000.000,600000.000,300000.000,400000.000,200000.000,,200000.000,700000.000,600000.000,,500000.000,600000.000,1300000.000,,700000.000,1000000.000,1300000.000,,400000.000,800000.000
SalesRevenueGoodsNet,20231000.000,19750000.000,18378000.000,26657000.000,14379000.000,17050000.000,24327000.000,22405000.000,10679000.000,20347000.000,9623000.000,38014000.000,6354000.000,19502000.000,11765000.000,41084000.000,14436000.000,25305000.000,33083000.000,46113000.000,23740000.000,26489000.000,30835000.000,41318000.000,11544000.000,21334000.000
SalesRevenueNet,44910000.000,57232000.000,66413000.000,66676000.000,55596000.000,70210000.000,80711000.000,77041000.000,49494000.000,82293000.000,51742000.000,104033000.000,48197000.000,79145000.000,60742000.000,102457000.000,62211000.000,107019000.000,85101000.000,119333000.000,92128000.000,90993000.000,86325000.000,106913000.000,68657000.000,87758000.000
SalesRevenueServicesNet,18274000.000,26993000.000,35104000.000,26349000.000,27067000.000,34929000.000,40316000.000,34294000.000,26859000.000,42099000.000,29061000.000,41445000.000,28872000.000,39742000.000,33199000.000,40794000.000,31716000.000,50958000.000,33024000.000,46266000.000,44273000.000,41385000.000,37195000.000,44009000.000,38844000.000,44603000.000
ShareBasedCompensation,,4700000.000,500000.000,,3800000.000,3700000.000,2800000.000,2800000.000,2800000.000,3100000.000,2800000.000,3200000.000,3200000.000,4700000.000,3400000.000,3800000.000,5600000.000,5100000.000,4300000.000,6900000.000,8539000.000,6210000.000,7740000.000,8011000.000,5264000.000,6900000.000
StockIssuedDuringPeriodValueRestrictedStockAwardGross,,,,,,,,,,,,,402000.000,,,,175000.000,,,,164000.000,,,,273000.000,
StockIssuedDuringPeriodValueStockOptionsExercised,,,,,3488000.000,,,,2485000.000,,,,742000.000,,,,11407000.000,,,,740000.000,,,,13082000.000,
StockRepurchasedAndRetiredDuringPeriodShares,,,,,,,,,,,,,,,85405.000,,0.000,0.000,1000000.000,0.000,1446418.000,1344094.000,500000.000,558710.000,0.000,1736150.000
TemporaryEquityAccretionToRedemptionValue,,,,,,,,,,,,,,,,,-222000.000,,,,,,,,,
TemporaryEquityAccretionToRedemptionValueAdjustment,,,,,,,,,,,,,,-142000.000,-142000.000,,-222000.000,-262000.000,-263000.000,1516000.000,0.000,0.000,0.000,0.000,,
TreasuryStockAcquiredAverageCostPerShare,,,,,,,,,,,,,,,27.710,,,,34.250,,30.820,30.550,29.320,-60.440,,26.570
TreasuryStockSharesAcquired,,,,,,,,,,,,,,,,,,,,,,,,,23706.000,
TreasuryStockValueAcquiredParValueMethod,,,,,,,,,,,,,,,,,,,,,,,,,1160000.000,
UnrecognizedTaxBenefitsIncomeTaxPenaltiesAndInterestExpense,,100000.000,,,,,100000.000,,,0.000,0.000,,,,,,,,,,,,,,,
ValuationAllowanceDeferredTaxAssetChangeInAmount,,,,,,,,,,,,,,,600000.000,,,,,,,,,,0.000,
WeightedAverageNumberOfDilutedSharesOutstanding,,68699000.000,67756000.000,,68158000.000,68374000.000,68301000.000,-136900000.958,68690000.000,68893.000,69116.000,132919.000,69320569.000,69452094.000,69601991.000,-138620452.000,70676008.000,71687778.000,70860481.000,-213153209.000,70119926.000,68454992.000,67746220.000,-206252875.000,67179832.000,65992289.000
WeightedAverageNumberOfSharesIssuedBasic,,121000.000,86000.000,,349000.000,153000.000,37000.000,262366.042,164000.000,86.000,210.000,504304.000,66697.000,270658.000,56989.000,110347.000,221790.000,256725.000,-453329.000,-24648.000,-294269.000,-508051.000,23128.000,781290.000,202826.000,-779578.000
WeightedAverageNumberOfSharesOutstandingBasic,,64376000.000,64654000.000,,65402000.000,65822000.000,65930000.000,-131299893.958,66646000.000,66952.000,67309.000,370764.000,67907930.000,68227825.000,68480117.000,-136269948.000,69209840.000,69842766.000,69699097.000,-208682177.000,69378975.000,67768088.000,67089782.000,-204169270.000,66362728.000,65793500.000
