,2011-03-31,2011-06-30,2011-09-30,2011-12-31,2012-03-31,2012-06-30,2012-09-30,2012-12-31,2013-03-31,2013-06-30,2013-09-30,2013-12-31,2014-03-31,2014-06-30,2014-09-30,2014-12-31,2015-03-31,2015-06-30,2015-09-30,2015-12-31,2016-03-31,2016-06-30,2016-09-30,2016-12-31,2017-03-31,2017-06-30
AcquiredFiniteLivedIntangibleAssetWeightedAverageUsefulLife,7.100,,,,,,,,,,,,,,,,,,,,,,,,,
AdjustmentsToAdditionalPaidInCapitalSharebasedCompensationRequisiteServicePeriodRecognitionValue,26000000.000,,,,21000000.000,,,,30000000.000,,,,40000000.000,,,,34000000.000,,,,34000000.000,,,,61000000.000,
AffordableHousingTaxCreditsAndOtherTaxBenefitsAmount,,,,,,,,,,,,,,,,,,,,,113000000.000,,,,114000000.000,
AllowanceForLoanAndLeaseLossesForeignCurrencyTranslation,14000000.000,2000000.000,29000000.000,,,,,,,,,,,,,,,,,,,,,,,
AllowanceForLoanAndLeaseLossesPeriodIncreaseDecrease,,212000000.000,,,,,,,2000000.000,,,,,,,,,,,,,,,,,
AllowanceForLoanAndLeaseLossesProvisionForLossGross,534000000.000,,,,,1677000000.000,1000000000.000,,,,,,,,,,,,,,,,,,,
AllowanceForLoanAndLeaseLossesProvisionForLossNet,,,,,,,,,37000000.000,,,,,,,,,,,,,,,,,
AllowanceForLoanAndLeaseLossesRecoveriesOfBadDebts,-435000000.000,,,,,,,,,,,,,,,,,,,,,,,,,
AllowanceForLoanAndLeaseLossesWriteOffs,1580000000.000,,,,,,,,,,,,,,,,,,,,,,,,,
AmortizationMethodQualifiedAffordableHousingProjectInvestmentsAmortization,,,,,,,,,,,,,,,,,,,,,98000000.000,,,,115000000.000,
AmortizationOfAcquiredIntangibleAssets,,,,,,,,,116000000.000,,,,,,,,,,,,,,,,,
AmortizationOfIntangibleAssets,,,,,,157000000.000,199000000.000,,177000000.000,167000000.000,161000000.000,166000000.000,143000000.000,136000000.000,130000000.000,123000000.000,110000000.000,111000000.000,106000000.000,103000000.000,101000000.000,95000000.000,89000000.000,101000000.000,62000000.000,61000000.000
AmountOfIneffectivenessOnNetInvestmentHedges,0.000,,,,,,,,,,,,,,,,,,,,,,,,,
AntidilutiveSecuritiesExcludedFromComputationOfEarningsPerShareAmount,9600000.000,8000000.000,49000000.000,-36700000.000,9100000.000,7000000.000,6000000.000,-15100000.000,6000000.000,5000000.000,5000000.000,-11000000.000,5000000.000,3000000.000,,,,,,,,,,,,
AssumptionForFairValueOfInterestsContinuedToBeHeldByTransferorServicingAssetsOrLiabilitiesDiscountRate,0.102,,,,0.135,,,,,,,,,,,,,,,,,,,,,
AssumptionForFairValueOfInterestsContinuedToBeHeldByTransferorServicingAssetsOrLiabilitiesPrepaymentSpeed,0.138,,,,0.177,,,,,,,,,,,,,,,,,,,,,
AssumptionForFairValueOfInterestsContinuedToBeHeldByTransferorServicingAssetsOrLiabilitiesWeightedAverageLife,6.100,,,,,,,,,,,,,,,,,,,,,,,,,
AvailableForSaleSecuritiesChangeInNetUnrealizedHoldingGainLossNetOfTax,111000000.000,,,,116000000.000,,,,,,,,,,,,,,,,,,,,,
AvailableForSaleSecuritiesContinuousUnrealizedLossPosition12MonthsOrLongerAggregateLosses,132000000.000,,,,,,,,,,,,,,,,,,,,,,,,,
AvailableForSaleSecuritiesContinuousUnrealizedLossPositionAggregateLosses,300000000.000,,,,,,,,,,,,,,,,,,,,,,,,,
AvailableForSaleSecuritiesContinuousUnrealizedLossPositionLessThan12MonthsAggregateLosses,168000000.000,,,,,,,,,,,,,,,,,,,,,,,,,
AvailableForSaleSecuritiesGrossRealizedGainLossNet,3000000.000,8000000.000,239000000.000,9000000.000,11000000.000,30000000.000,1000000.000,3000000.000,2000000.000,1000000.000,0.000,4000000.000,13000000.000,-1000000.000,-3000000.000,-12000000.000,-13000000.000,-8000000.000,-2000000.000,-9000000.000,-8000000.000,0.000,1000000.000,-4000000.000,0.000,-4000000.000
AvailableForSaleSecuritiesGrossRealizedGains,5000000.000,9000000.000,239000000.000,6000000.000,17000000.000,32000000.000,2000000.000,5000000.000,3000000.000,3000000.000,0.000,2000000.000,32000000.000,2000000.000,16000000.000,5000000.000,9000000.000,8000000.000,3000000.000,3000000.000,3000000.000,3000000.000,2000000.000,4000000.000,5000000.000,0.000
AvailableForSaleSecuritiesGrossRealizedGainsLossesSaleProceeds,846000000.000,1724000000.000,6409000000.000,190000000.000,7337000000.000,6921000000.000,16000000.000,2620000000.000,720000000.000,600000000.000,35000000.000,1184000000.000,2976000000.000,583000000.000,,,,,,,,,,,,
AvailableForSaleSecuritiesGrossRealizedLosses,2000000.000,1000000.000,0.000,-3000000.000,6000000.000,2000000.000,1000000.000,2000000.000,1000000.000,2000000.000,0.000,-2000000.000,19000000.000,3000000.000,,,,,,,,,,,,
AvailableForSaleSecuritiesGrossUnrealizedGains,759000000.000,,,,,,,,,,,,,,,,,,,,,,,,,
AvailableForSaleSecuritiesGrossUnrealizedLoss,300000000.000,,,,,,,,,,1500000000.000,,,,,,,,,,,,,,,
AvailableForSaleSecuritiesIncomeTaxExpenseOnChangeInUnrealizedHoldingGainOrLoss,30000000.000,90000000.000,23000000.000,-161000000.000,-8000000.000,69000000.000,,,,,,,,,,,,,,,,,,,,
AvailableforsaleSecuritiesGrossRealizedGainLossExcludingOtherThanTemporaryImpairments,,,,,,,,,,,,,,,6000000.000,,2000000.000,-1000000.000,3000000.000,-6000000.000,0.000,2000000.000,1000000.000,3000000.000,0.000,0.000
AvailableforsaleSecuritiesGrossRealizedLossesExcludingOtherThanTemporaryImpairments,,,,,,,,,,,,,,,10000000.000,,7000000.000,9000000.000,0.000,9000000.000,3000000.000,1000000.000,1000000.000,1000000.000,5000000.000,0.000
BusinessAcquisitionsProFormaIncomeLossFromContinuingOperationsBeforeChangesInAccountingAndExtraordinaryItemsNetOfTax,,,,,948000000.000,176000000.000,1217000000.000,870000000.000,,,,,,,,,,,,,,,,,,
BusinessAcquisitionsProFormaRevenue,,,,,5151000000.000,6093000000.000,6402000000.000,7264000000.000,,,,,,,,,,,,,,,,,,
BusinessCombinationAcquisitionRelatedCosts,,,,,,,,,46000000.000,50000000.000,37000000.000,60000000.000,,,,,,,,,,,,,,
BusinessCombinationBargainPurchaseGainRecognizedAmount,,,,,594000000.000,0.000,0.000,0.000,0.000,0.000,0.000,0.000,,,,,,,,,,,,,,
BusinessCombinationContingentConsiderationArrangementsChangeInAmountOfContingentConsiderationLiability,,,60000000.000,,100000000.000,,,,30000000.000,,,,,,,,,,,,,,,,,
CashAndCashEquivalentsPeriodIncreaseDecrease,2722000000.000,,,,24818000000.000,,,,-4312000000.000,,,,-109000000.000,,,,1649000000.000,,,,-2788000000.000,,,,,
CashFlowHedgeGainLossReclassifiedToEarningsNet,-14000000.000,7000000.000,-6000000.000,-5000000.000,3000000.000,6000000.000,15000000.000,-4000000.000,7000000.000,,,,,,,,,,,,,,,,,
CashFlowHedgeGainLossToBeReclassifiedWithinTwelveMonths,1000000.000,,,,2000000.000,,,,67400000.000,,,,95000000.000,,,,-155000000.000,,,,173000000.000,,,,67000000.000,
CashFlowsBetweenSecuritizationSpecialPurposeEntitySPEAndTransferorOtherCashFlowsReceivedOnRetainedInterests,12000000.000,12000000.000,,,,,,,,,,,,,,,,,,,,,,,,
CashFlowsBetweenSecuritizationSpecialPurposeEntitySPEAndTransferorServicingFeesReceived,3000000.000,7000000.000,,,,,,,,,,,,,,,,,,,,,,,,
CashFlowsBetweenTransfereeAndTransferorServicingFeeAdvances,,,11000000.000,,10000000.000,10000000.000,,,,,,,,,,,,,,,,,,,,
CashFlowsBetweenTransfereeAndTransferorServicingFees,,,7000000.000,,7000000.000,7000000.000,,,,,,,,,,,,,,,,,,,,
CashProvidedByUsedInFinancingActivitiesDiscontinuedOperations,0.000,,,,,,,,,,,,,,,,,,,,,,,,,
CashProvidedByUsedInOperatingActivitiesDiscontinuedOperations,27000000.000,,,,152000000.000,,,,-108000000.000,,,,-49000000.000,,,,-46000000.000,,,,13000000.000,,,,-11000000.000,
CertainLoansAcquiredInTransferAccountedForAsDebtSecuritiesAccretableYieldAccretion,,,,,,,,,,,,,,,,,61000000.000,62000000.000,62000000.000,55000000.000,54000000.000,53000000.000,49000000.000,50000000.000,49000000.000,49000000.000
CertainLoansAcquiredInTransferAccountedForAsDebtSecuritiesAccretableYieldDisposalsOfLoans,,,,,,,,,,,,,,,,,1000000.000,0.000,0.000,0.000,,2000000.000,0.000,,4000000.000,1000000.000
CertainLoansAcquiredInTransferNotAccountedForAsDebtSecuritiesAccretableYieldAccretion,,,,,,,,,,,,,284000000.000,,,,237000000.000,208000000.000,192000000.000,180000000.000,184000000.000,177000000.000,175000000.000,175000000.000,166000000.000,155000000.000
CertainLoansAcquiredInTransferNotAccountedForAsDebtSecuritiesAccretableYieldPeriodIncreaseDecrease,,,,,,,,,,,,,140000000.000,,,,,,,,,,,,,
CertainLoansAcquiredInTransferNotAccountedForAsDebtSecuritiesAccretableYieldReclassificationsFromNonaccretableDifference,,,,,,,,,,,,,38000000.000,,,,35000000.000,-1000000.000,2000000.000,-10000000.000,5000000.000,76000000.000,66000000.000,-9000000.000,6000000.000,2000000.000
ChangeInUnrealizedGainLossOnFairValueHedgingInstruments,149000000.000,-190000000.000,-339000000.000,,,,,,,,,,,,,,,,,,,,,,,
ChangeInUnrealizedGainLossOnHedgedItemInFairValueHedge,-154000000.000,192000000.000,334000000.000,,,,,,,,,,,,,,,,,,,,,,,
CommonStockDividendsPerShareCashPaid,0.050,0.050,0.050,0.050,0.050,0.050,0.050,0.050,0.050,0.300,0.300,0.300,,,,,,,,,,,,,,
CommonStockDividendsPerShareDeclared,0.050,,,,0.050,,,,0.050,,,,0.300,0.300,0.300,0.300,0.300,0.400,0.400,0.400,0.400,0.400,0.400,0.400,0.400,0.400
CommunicationsAndInformationTechnology,164000000.000,162000000.000,178000000.000,177000000.000,173000000.000,203000000.000,198000000.000,204000000.000,210000000.000,233000000.000,224000000.000,218000000.000,196000000.000,203000000.000,196000000.000,203000000.000,202000000.000,208000000.000,226000000.000,247000000.000,243000000.000,262000000.000,252000000.000,412000000.000,288000000.000,289000000.000
ComprehensiveIncomeNetOfTax,1013000000.000,,,,1487000000.000,190000000.000,1609000000.000,801000000.000,800000000.000,-148000000.000,1070000000.000,826000000.000,1316000000.000,1533000000.000,893000000.000,1128000000.000,1371000000.000,678000000.000,1369000000.000,446000000.000,1588000000.000,1224000000.000,885000000.000,-279000000.000,825000000.000,1287000000.000
DebtInstrumentIncreaseDecreaseForPeriodNet,,,,,,,,,,,,,950000000.000,,,,,,,,,,,,,
DeferredIncomeTaxExpenseBenefit,,,,,,,,,,,,,,,,,,,,,,,,,-137000000.000,
DepreciationAndAmortization,167000000.000,,,,234000000.000,,,,341000000.000,,,,514000000.000,,,,483000000.000,,,,591000000.000,,,,566000000.000,
DerecognizedAssetsSecuritizedOrAssetbackedFinancingArrangementAssetsAndAnyOtherFinancialAssetsManagedTogetherNetCreditLossesDuringPeriod,7000000.000,,,,9000000.000,,,,,,,,,,,,,,,,,,,,,
DerivativeGainLossOnDerivativeNet,,,,,,,,,,9000000.000,-15000000.000,,21000000.000,26000000.000,,,,,,,,,,,,
DerivativeInstrumentsGainLossRecognizedInIncomeNet,-14000000.000,7000000.000,-6000000.000,-5000000.000,3000000.000,6000000.000,15000000.000,-4000000.000,7000000.000,,,,,,,,,,,,,,,,,
DerivativeInstrumentsGainLossRecognizedInOtherComprehensiveIncomeEffectivePortionNet,6000000.000,5000000.000,8000000.000,-9000000.000,0.000,45000000.000,53000000.000,-5000000.000,-6000000.000,-151000000.000,59000000.000,-26000000.000,40000000.000,95000000.000,32000000.000,193000000.000,280000000.000,-136000000.000,329000000.000,-106000000.000,467000000.000,314000000.000,-54000000.000,-450000000.000,-48000000.000,16000000.000
DerivativeInstrumentsGainRecognizedInIncome,12000000.000,11000000.000,-237000000.000,32000000.000,-95000000.000,39000000.000,,,,,,,,,,,,,,,,,,,,
DerivativeInstrumentsNotDesignatedAsHedgingInstrumentsGainLossNet,7000000.000,13000000.000,-242000000.000,,-86000000.000,38000000.000,3000000.000,9000000.000,-5000000.000,2000000.000,-8000000.000,14000000.000,13000000.000,13000000.000,,,,,,,,,,,,
DiscontinuedOperationIncomeLossFromDiscontinuedOperationBeforeIncomeTax,-25000000.000,-53000000.000,-81000000.000,-9000000.000,-161000000.000,-160000000.000,-16000000.000,-6000000.000,-125000000.000,-190000000.000,-20000000.000,-36000000.000,47000000.000,-15000000.000,,,,,,,,,,,,
DiscontinuedOperationTaxEffectOfDiscontinuedOperation,,,,,,,,,,,-7000000.000,,17000000.000,-5000000.000,,,,,,,,,,,,
DiscontinuedOperationTaxEffectOfIncomeLossFromDisposalOfDiscontinuedOperation,-9000000.000,-19000000.000,-29000000.000,-5000000.000,-59000000.000,-60000000.000,-6000000.000,-1000000.000,-47000000.000,-71000000.000,,,,,,,,,,,,,,,,
DividendsCommonStock,23000000.000,,,,24000000.000,,,,30000000.000,,,,174000000.000,,,,167000000.000,,,,211000000.000,,,,195000000.000,
DividendsPreferredStock,,,,,,,,,13000000.000,13000000.000,13000000.000,14000000.000,13000000.000,13000000.000,,,,,,,,,,,,
DividendsPreferredStockCash,,,,,,,,,,,,,,,,,32000000.000,,,,37000000.000,,,,53000000.000,
DividendsPreferredStockStock,,,,,,,,,13000000.000,,,,13000000.000,,,,,,,,,,,,,
EarningsPerShareBasic,2.240,2.000,1.780,0.830,2.740,0.160,2.030,1.280,1.810,1.890,1.890,1.460,1.990,2.070,1.890,1.760,2.030,1.520,2.000,1.600,1.850,1.700,1.920,1.490,1.560,1.960
EarningsPerShareDiluted,2.210,1.970,1.770,0.850,2.720,0.160,2.010,1.270,1.790,1.870,1.860,1.440,1.960,2.040,1.860,1.730,2.000,1.500,1.980,1.590,1.840,1.690,1.900,1.460,1.540,1.940
FairValueMeasurementWithUnobservableInputsReconciliationRecurringBasisAssetGainLossIncludedInOtherComprehensiveIncome,,,-10000000.000,,,,,,,,,,,,,,,,,,,,,,,
FairValueMeasurementWithUnobservableInputsReconciliationRecurringBasisAssetIssues,,,0.000,,,,,,,,,,,,,,,,,,,,,,,
FairValueMeasurementWithUnobservableInputsReconciliationRecurringBasisAssetPurchases,,,282000000.000,,,,,,,,,,,,,,,,,,,,,,,
FairValueMeasurementWithUnobservableInputsReconciliationRecurringBasisAssetSales,,,15000000.000,,,,,,,,,,,,,,,,,,,,,,,
FairValueMeasurementWithUnobservableInputsReconciliationRecurringBasisAssetSettlements,,,34000000.000,,,,,,,,,,,,,,,,,,,,,,,
FairValueMeasurementWithUnobservableInputsReconciliationRecurringBasisAssetTransfersIntoLevel3,,,100000000.000,,,,,,,,,,,,,,,,,,,,,,,
FairValueMeasurementWithUnobservableInputsReconciliationRecurringBasisAssetTransfersOutOfLevel3,,,117000000.000,,,,,,,,,,,,,,,,,,,,,,,
FairValueOfAssetsAcquired,,,,,9600000000.000,,,,,,,,,,,,,,,,,,,,,
FinancingReceivableAllowanceForCreditLossesPeriodIncreaseDecrease,,,,,,,,,,,,,,,,,7000000.000,,,,,,,,,
FinancingReceivableModificationsPostModificationRecordedInvestment2,,,,,,,,,,,,,,,,,,,,,,,,,375000000.000,356000000.000
FinancingReceivableModificationsPreModificationRecordedInvestment2,,,,,,,,,,,,,,201000000.000,206000000.000,,228000000.000,225000000.000,251000000.000,391000000.000,272000000.000,442000000.000,507000000.000,,,
FinancingReceivableModificationsSubsequentDefaultRecordedInvestment1,,,,,,,,,,,,,76000000.000,67000000.000,59000000.000,69000000.000,57000000.000,80000000.000,67000000.000,70000000.000,85000000.000,76000000.000,175000000.000,214000000.000,91000000.000,176000000.000
FiniteLivedIntangibleAssetsAmortizationExpense,58000000.000,57000000.000,55000000.000,52000000.000,62000000.000,,,,,,,,,,,,,,,,,,,,,
FiniteLivedIntangibleAssetsFutureAmortizationExpense,,,,,907000000.000,,,,,,,,,,,,,,,,,,,,,
ForeignCurrencyCashFlowHedgeGainLossReclassifiedToEarningsNet,-2000000.000,-7000000.000,-5000000.000,-7000000.000,-6000000.000,-5000000.000,3000000.000,-14000000.000,-5000000.000,-4000000.000,-8000000.000,-5000000.000,-5000000.000,-6000000.000,,,,,,,,,,,,
FutureAmortizationExpenseAfterYearFive,,,,,97000000.000,,,,,,,,,,,,,,,,,,,,,
FutureAmortizationExpenseYearFive,48000000.000,,,,83000000.000,,,,,,,,,,,,,,,,,,,,,
FutureAmortizationExpenseYearFour,79000000.000,,,,123000000.000,,,,,,,,,,,,,,,,,,,,,
FutureAmortizationExpenseYearOne,181000000.000,,,,202000000.000,,,,,,,,,,,,,,,,,,,,,
FutureAmortizationExpenseYearThree,111000000.000,,,,178000000.000,,,,,,,,,,,,,,,,,,,,,
FutureAmortizationExpenseYearTwo,145000000.000,,,,224000000.000,,,,,,,,,,,,,,,,,,,,,
GainLossFromHedgedFirmCommitmentNotQualifyingAsInterestRateFairValueHedgeNet,,,266000000.000,,,,,,,,,,,,,,,,,,,,,,,
GainLossOnCashFlowHedgeIneffectivenessNet,0.000,0.000,0.000,0.000,0.000,0.000,0.000,0.000,0.000,-1000000.000,,,,,,,,,,,,,,,,
GainLossOnFairValueHedgesRecognizedInEarnings,,,,,-78000000.000,,,,,,,,,,,,,,,,,,,,,
GainLossOnForeignCurrencyCashFlowHedgeIneffectiveness,0.000,0.000,0.000,0.000,0.000,0.000,0.000,0.000,0.000,,,,,,,,,,,,,,,,,
GainLossOnInterestRateCashFlowHedgeIneffectiveness,0.000,0.000,0.000,0.000,0.000,0.000,0.000,0.000,0.000,-1000000.000,1000000.000,-1000000.000,1000000.000,0.000,,,,,,,,,,,,
GainLossOnSaleOfInvestments,-3000000.000,,,,11000000.000,,,,2000000.000,,,,13000000.000,,,,,,,,,,,,,
GainLossOnSaleOfSecuritiesNet,,,,,,,,,,,,,,,,,,,,,,,,,0.000,-4000000.000
GainLossOnSalesOfLoansNet,5000000.000,,,,16000000.000,,,,10000000.000,,,,7000000.000,,,,34000000.000,,,,45000000.000,,,,10000000.000,
GainsLossesOnExtinguishmentOfDebt,,,,,,,,,65000000.000,,,,,,,,,,,,,,,,,
GoodwillAcquiredDuringPeriod,3000000.000,,,,0.000,,,,3000000.000,,,,0.000,,,,5000000.000,,,,14000000.000,,,,,
GoodwillImpairmentLoss,,,,,,,,,,,,,,,,,,,,,,,,,0.000,0.000
GoodwillOtherChanges,,,,,,,,,7000000.000,,,,4000000.000,,,,5000000.000,,,,2000000.000,,,,,
GoodwillOtherIncreaseDecrease,,,,,,,,,,,,,,,,,,,,,,,,,-2000000.000,
ImpairedFinancingReceivableAverageRecordedInvestment,,,,,1837000000.000,,,,1972000000.000,,,,1968000000.000,1985000000.000,1926000000.000,-3936000000.000,1901000000.000,2057000000.000,2059000000.000,-3879000000.000,2698000000.000,2987000000.000,2992000000.000,-5747000000.000,3067000000.000,2935000000.000
ImpairedFinancingReceivableInterestIncomeAccrualMethod,,,,,28000000.000,,,,40000000.000,,,,40000000.000,39000000.000,,,,,,,,,,,39000000.000,36000000.000
ImpairmentOfIntangibleAssetsExcludingGoodwill,,,,,,,,,,,,,,,,,,,,,,,,,0.000,0.000
IncomeLossFromContinuingOperations,1032000000.000,945000000.000,865000000.000,411000000.000,1505000000.000,193000000.000,1188000000.000,848000000.000,1144000000.000,1236000000.000,1130000000.000,882000000.000,1124000000.000,1204000000.000,1125000000.000,970000000.000,1134000000.000,852000000.000,1118000000.000,908000000.000,1018000000.000,943000000.000,1016000000.000,793000000.000,795000000.000,1047000000.000
IncomeLossFromContinuingOperationsBeforeIncomeTaxesExtraordinaryItemsNoncontrollingInterest,,,,,,,,,,,,,,,1661000000.000,,1663000000.000,1236000000.000,1648000000.000,1334000000.000,1470000000.000,1367000000.000,1512000000.000,1135000000.000,1109000000.000,1490000000.000
IncomeLossFromContinuingOperationsBeforeIncomeTaxesMinorityInterestAndIncomeLossFromEquityMethodInvestments,1386000000.000,1395000000.000,1235000000.000,571000000.000,1858000000.000,236000000.000,1723000000.000,1218000000.000,1638000000.000,1817000000.000,1655000000.000,1307000000.000,1703000000.000,1785000000.000,,,,,,,,,,,,
IncomeLossFromContinuingOperationsPerBasicShare,2.270,2.070,1.890,0.850,2.940,0.330,2.050,1.280,1.940,2.090,1.910,1.510,1.940,2.090,1.970,1.700,2.000,1.500,2.010,1.570,1.860,1.700,1.940,1.500,1.530,1.980
IncomeLossFromContinuingOperationsPerDilutedShare,2.240,2.040,1.880,0.870,2.920,0.330,2.030,1.260,1.920,2.070,1.880,1.480,1.910,2.060,1.940,1.670,1.970,1.480,1.990,1.560,1.850,1.690,1.920,1.470,1.510,1.960
IncomeLossFromDiscontinuedOperationsNetOfTax,-16000000.000,-34000000.000,-52000000.000,-4000000.000,-102000000.000,-100000000.000,-10000000.000,-5000000.000,-78000000.000,-119000000.000,-13000000.000,-23000000.000,30000000.000,-10000000.000,,,,,,,,,,,,
IncomeLossFromDiscontinuedOperationsNetOfTaxAttributableToReportingEntity,,,,,,,,,,,,,,,-44000000.000,,19000000.000,11000000.000,-4000000.000,12000000.000,-5000000.000,-1000000.000,-11000000.000,-2000000.000,15000000.000,-11000000.000
IncomeLossFromDiscontinuedOperationsNetOfTaxPerBasicShare,-0.030,-0.070,-0.110,-0.020,-0.200,-0.170,-0.020,0.000,-0.130,-0.200,-0.020,-0.050,0.050,-0.020,-0.080,0.060,0.030,0.020,-0.010,0.030,-0.010,0.000,-0.020,-0.010,0.030,-0.020
IncomeLossFromDiscontinuedOperationsNetOfTaxPerDilutedShare,-0.030,-0.070,-0.110,-0.020,-0.200,-0.170,-0.020,0.010,-0.130,-0.200,-0.020,-0.040,0.050,-0.020,-0.080,0.060,0.030,0.020,-0.010,0.030,-0.010,0.000,-0.020,-0.010,0.030,-0.020
IncomeTaxExpenseBenefit,354000000.000,450000000.000,370000000.000,160000000.000,353000000.000,43000000.000,535000000.000,370000000.000,494000000.000,581000000.000,525000000.000,425000000.000,579000000.000,581000000.000,536000000.000,450000000.000,529000000.000,384000000.000,530000000.000,426000000.000,452000000.000,424000000.000,496000000.000,342000000.000,314000000.000,443000000.000
IncomeTaxReconciliationTaxCreditsInvestment,,,,,,,,,,,,,,88000000.000,,,,,,,,,,,,
IncomeTaxesPaid,,,,,,,,,,,,,-19000000.000,,,,87000000.000,,,,55000000.000,,,,34000000.000,
IncreaseDecreaseInAccountsReceivableFromSecuritization,6000000.000,,,,2000000.000,,,,,,,,,,,,,,,,,,,,,
IncreaseDecreaseInAccruedInterestReceivableNet,45000000.000,,,,-42000000.000,,,,-316000000.000,,,,-93000000.000,,,,-1000000.000,,,,33000000.000,,,,17000000.000,
IncreaseDecreaseInDeposits,3236000000.000,,,,3877000000.000,,,,-76000000.000,,,,3799000000.000,,,,4890000000.000,,,,4055000000.000,,,,4407000000.000,
IncreaseDecreaseInInterestPayableNet,-77000000.000,,,,-82000000.000,,,,-140000000.000,,,,-48000000.000,,,,-59000000.000,,,,-82000000.000,,,,-67000000.000,
IncreaseDecreaseInOtherOperatingAssets,474000000.000,,,,-686000000.000,,,,-608000000.000,,,,-1501000000.000,,,,-187000000.000,,,,-801000000.000,,,,-1091000000.000,
IncreaseDecreaseInOtherOperatingLiabilities,-506000000.000,,,,-572000000.000,,,,-778000000.000,,,,-782000000.000,,,,-8000000.000,,,,303000000.000,,,,-1450000000.000,
IncrementalCommonSharesAttributableToCallOptionsAndWarrants,,,,,,,,,,,,,,5800000.000,3600000.000,,2900000.000,2500000.000,2000000.000,-5100000.000,1500000.000,1600000.000,1600000.000,-3100000.000,1300000.000,700000.000
IncrementalCommonSharesAttributableToContingentlyIssuableShares,1000000.000,2000000.000,1000000.000,,,,,,,,,,,1600000.000,1600000.000,,1500000.000,1100000.000,1200000.000,-2500000.000,1200000.000,1200000.000,1300000.000,-2400000.000,1400000.000,1000000.000
IncrementalCommonSharesAttributableToShareBasedPaymentArrangements,2000000.000,2000000.000,1000000.000,,,,,,,,,,,,2800000.000,,2600000.000,2800000.000,2500000.000,-5300000.000,1800000.000,2000000.000,1900000.000,-3700000.000,2900000.000,2400000.000
IntangibleAssetsArisingAcquiredInBusinessCombinationEstimatedAmountAmortizedYearOne,,,,,30000000.000,,,,,,,,,,,,,,,,,,,,,
IntangibleAssetsArisingFromInsuranceContractsAcquiredInBusinessCombinationEstimatedAmountAmortizedYearTwo,,,,,300000000.000,,,,,,,,,,,,,,,,,,,,,
InterestAndDividendIncomeOperating,3752000000.000,3699000000.000,3835000000.000,3701000000.000,3979000000.000,4616000000.000,5254000000.000,5115000000.000,5051000000.000,5010000000.000,4998000000.000,4839000000.000,4753000000.000,4712000000.000,4887000000.000,5045000000.000,4974000000.000,4937000000.000,5164000000.000,5384000000.000,5517000000.000,5571000000.000,5794000000.000,6009000000.000,6070000000.000,6128000000.000
InterestAndDividendIncomeSecurities,316000000.000,313000000.000,264000000.000,244000000.000,298000000.000,335000000.000,335000000.000,361000000.000,374000000.000,391000000.000,396000000.000,414000000.000,416000000.000,409000000.000,398000000.000,405000000.000,406000000.000,382000000.000,386000000.000,401000000.000,415000000.000,405000000.000,386000000.000,393000000.000,416000000.000,433000000.000
InterestAndFeeIncomeLoansAndLeases,,,,,,,,,,,4579000000.000,,4307000000.000,4279000000.000,4463000000.000,4613000000.000,4540000000.000,4531000000.000,4753000000.000,4961000000.000,5085000000.000,5148000000.000,5383000000.000,5587000000.000,5626000000.000,5669000000.000
InterestAndFeeIncomeLoansAndLeasesHeldForSale,,,,,,,,,4649000000.000,4596000000.000,,,,,,,,,,,,,,,,
InterestAndFeeIncomeLoansAndLeasesHeldInPortfolio,3417000000.000,3367000000.000,3550000000.000,3440000000.000,3655000000.000,4255000000.000,4901000000.000,4726000000.000,,,,,,,,,,,,,,,,,,
InterestExpense,612000000.000,563000000.000,552000000.000,519000000.000,565000000.000,615000000.000,608000000.000,587000000.000,481000000.000,457000000.000,438000000.000,416000000.000,403000000.000,397000000.000,390000000.000,389000000.000,398000000.000,400000000.000,404000000.000,423000000.000,461000000.000,478000000.000,517000000.000,562000000.000,596000000.000,655000000.000
InterestExpenseBorrowings,290000000.000,256000000.000,258000000.000,255000000.000,254000000.000,242000000.000,237000000.000,239000000.000,155000000.000,139000000.000,129000000.000,128000000.000,127000000.000,125000000.000,119000000.000,120000000.000,127000000.000,128000000.000,133000000.000,146000000.000,178000000.000,186000000.000,211000000.000,230000000.000,243000000.000,273000000.000
InterestExpenseDeposits,322000000.000,307000000.000,294000000.000,264000000.000,311000000.000,373000000.000,371000000.000,348000000.000,326000000.000,318000000.000,309000000.000,288000000.000,276000000.000,272000000.000,271000000.000,269000000.000,271000000.000,272000000.000,271000000.000,277000000.000,283000000.000,292000000.000,306000000.000,332000000.000,353000000.000,382000000.000
InterestExpenseFederalFundsPurchasedAndSecuritiesSoldUnderAgreementsToRepurchase,1000000.000,2000000.000,1000000.000,0.000,1000000.000,0.000,0.000,1000000.000,0.000,1000000.000,0.000,0.000,0.000,1000000.000,0.000,1000000.000,0.000,1000000.000,0.000,0.000,1000000.000,1000000.000,0.000,0.000,1000000.000,1000000.000
InterestExpenseFederalHomeLoanBankAndFederalReserveBankAdvancesLongTerm,3000000.000,3000000.000,2000000.000,4000000.000,3000000.000,3000000.000,2000000.000,3000000.000,2000000.000,3000000.000,2000000.000,0.000,,,,,,,,,,,,,,
InterestExpenseFederalHomeLoanBankAndFederalReserveBankAdvancesShortTerm,,1000000.000,1000000.000,,1000000.000,3000000.000,4000000.000,10000000.000,11000000.000,5000000.000,6000000.000,6000000.000,6000000.000,3000000.000,6000000.000,4000000.000,8000000.000,1000000.000,0.000,0.000,0.000,0.000,0.000,0.000,,
InterestExpenseJuniorSubordinatedDebentures,80000000.000,72000000.000,79000000.000,79000000.000,79000000.000,78000000.000,79000000.000,79000000.000,1000000.000,0.000,0.000,0.000,,,,,,,,,,,,,,
InterestExpenseLongTermDebt,289000000.000,253000000.000,256000000.000,255000000.000,252000000.000,239000000.000,233000000.000,228000000.000,144000000.000,133000000.000,123000000.000,122000000.000,121000000.000,121000000.000,113000000.000,115000000.000,119000000.000,126000000.000,133000000.000,146000000.000,177000000.000,185000000.000,211000000.000,230000000.000,242000000.000,272000000.000
InterestExpenseOther,2000000.000,2000000.000,2000000.000,3000000.000,2000000.000,2000000.000,3000000.000,3000000.000,3000000.000,3000000.000,3000000.000,7000000.000,6000000.000,4000000.000,,,,,,,,,,,,
InterestExpenseOtherLongTermDebt,85000000.000,77000000.000,83000000.000,,,,,,,,,,,,10000000.000,,7000000.000,10000000.000,12000000.000,14000000.000,23000000.000,27000000.000,34000000.000,27000000.000,24000000.000,11000000.000
InterestExpenseShortTermBorrowings,1000000.000,3000000.000,2000000.000,0.000,2000000.000,3000000.000,4000000.000,11000000.000,11000000.000,6000000.000,6000000.000,6000000.000,6000000.000,4000000.000,6000000.000,5000000.000,8000000.000,2000000.000,0.000,0.000,1000000.000,1000000.000,0.000,0.000,1000000.000,1000000.000
InterestExpenseSubordinatedNotesAndDebentures,29000000.000,29000000.000,30000000.000,31000000.000,30000000.000,31000000.000,29000000.000,29000000.000,26000000.000,22000000.000,18000000.000,15000000.000,,,,,,,,,,,,,,
InterestIncomeExpenseAfterProvisionForLoanLoss,2606000000.000,2793000000.000,2661000000.000,2321000000.000,2841000000.000,2324000000.000,3632000000.000,3377000000.000,3685000000.000,3791000000.000,3711000000.000,3466000000.000,3615000000.000,3611000000.000,3504000000.000,3547000000.000,3641000000.000,3408000000.000,3668000000.000,3581000000.000,3529000000.000,3501000000.000,3689000000.000,3695000000.000,3482000000.000,3673000000.000
InterestIncomeExpenseNet,3140000000.000,3136000000.000,3283000000.000,3182000000.000,3414000000.000,4001000000.000,4646000000.000,4528000000.000,4570000000.000,4553000000.000,4560000000.000,4423000000.000,4350000000.000,4315000000.000,4497000000.000,4656000000.000,4576000000.000,4537000000.000,4760000000.000,4961000000.000,5056000000.000,5093000000.000,5277000000.000,5447000000.000,5474000000.000,5473000000.000
InterestPaid,,,,,,,,,,,,,451000000.000,,,,457000000.000,,,,543000000.000,,,,702000000.000,
InterestRateCashFlowHedgeGainLossReclassifiedToEarningsNet,-12000000.000,14000000.000,-1000000.000,2000000.000,9000000.000,11000000.000,12000000.000,10000000.000,12000000.000,14000000.000,14000000.000,13000000.000,26000000.000,30000000.000,,,,,,,,,,,,
InvestmentIncomeNetAmortizationOfDiscountAndPremium,,,,,,,,,,,,,,72000000.000,,,,,,,,,,,,
LaborAndRelatedExpense,741000000.000,715000000.000,750000000.000,817000000.000,891000000.000,971000000.000,1002000000.000,1012000000.000,1080000000.000,1104000000.000,1145000000.000,1103000000.000,1161000000.000,1125000000.000,1128000000.000,1179000000.000,1211000000.000,1360000000.000,1189000000.000,1215000000.000,1270000000.000,1279000000.000,1317000000.000,1336000000.000,1471000000.000,1383000000.000
LitigationSettlementExpense,,,,,,,,,6600000000.000,,,,6600000000.000,,,,,,,,,,,,,
LoansAndLeasesReceivableImpairedAverageInvestment,1569000000.000,,,,,,,,,,,,,,,,,,,,,,,,,
LoansAndLeasesReceivableImpairedInterestIncomeRecognized,21000000.000,,,,,,,,,,,,,,,,,,,,,,,,,
LossContingencyAccrualCarryingValuePayments,14000000.000,14000000.000,49000000.000,8000000.000,11000000.000,279000000.000,83000000.000,20000000.000,2000000.000,21000000.000,7000000.000,6000000.000,11000000.000,98000000.000,,,,,,,,,,,,
LossContingencyAccrualCarryingValueProvision,44000000.000,37000000.000,72000000.000,59000000.000,169000000.000,180000000.000,0.000,0.000,97000000.000,,,,,,,,,,,,,,,,,
LossContingencyAccrualProvision,,,,,,,,,,183000000.000,-4000000.000,,-33000000.000,-18000000.000,,,,,,,,,,,,
LossContingencyDamagesSoughtValue,,,,,,,,,,,,,5200000000.000,,,,,,,,,,,,,
MarketingExpense,276000000.000,329000000.000,312000000.000,420000000.000,321000000.000,334000000.000,316000000.000,393000000.000,317000000.000,330000000.000,299000000.000,427000000.000,325000000.000,335000000.000,392000000.000,509000000.000,375000000.000,387000000.000,418000000.000,564000000.000,428000000.000,415000000.000,393000000.000,575000000.000,396000000.000,435000000.000
MaturitiesOfSeniorDebt,,,,,282000000.000,,,,-210000000.000,,,,275000000.000,,,,,,,,,,,,,
MortgageServicingRightsMSRImpairmentRecovery,,,,,,,,,,,,,,,,,0.000,,,,,,,,,
NetCashProvidedByUsedInFinancingActivities,1309000000.000,,,,217000000.000,,,,-12248000000.000,,,,-6654000000.000,,,,-3415000000.000,,,,-6162000000.000,,,,-7933000000.000,
NetCashProvidedByUsedInFinancingActivitiesContinuingOperations,1309000000.000,,,,217000000.000,,,,-12248000000.000,,,,-6654000000.000,,,,-3415000000.000,,,,-6162000000.000,,,,-7933000000.000,
NetCashProvidedByUsedInInvestingActivities,-456000000.000,,,,23135000000.000,,,,5142000000.000,,,,3386000000.000,,,,3071000000.000,,,,-728000000.000,,,,2078000000.000,
NetCashProvidedByUsedInInvestingActivitiesContinuingOperations,-456000000.000,,,,23135000000.000,,,,5142000000.000,,,,3386000000.000,,,,3071000000.000,,,,-728000000.000,,,,2078000000.000,
NetCashProvidedByUsedInOperatingActivities,1869000000.000,,,,1466000000.000,,,,2794000000.000,,,,3159000000.000,,,,1993000000.000,,,,4102000000.000,,,,3163000000.000,
NetCashProvidedByUsedInOperatingActivitiesContinuingOperations,1869000000.000,,,,1466000000.000,,,,2794000000.000,,,,3159000000.000,,,,1993000000.000,,,,4102000000.000,,,,3163000000.000,
NetIncomeLoss,1016000000.000,911000000.000,813000000.000,407000000.000,1403000000.000,93000000.000,1178000000.000,843000000.000,1066000000.000,1117000000.000,1117000000.000,859000000.000,1154000000.000,1194000000.000,1081000000.000,999000000.000,1153000000.000,863000000.000,1114000000.000,920000000.000,1013000000.000,942000000.000,1005000000.000,791000000.000,810000000.000,1036000000.000
NetIncomeLossAvailableToCommonStockholdersBasic,,,,,1396000000.000,92000000.000,1173000000.000,826000000.000,1048000000.000,1100000000.000,1099000000.000,842000000.000,1136000000.000,1177000000.000,1056000000.000,974000000.000,1115000000.000,830000000.000,1079000000.000,848000000.000,970000000.000,871000000.000,962000000.000,710000000.000,752000000.000,948000000.000
NetIncomeLossAvailableToCommonStockholdersDiluted,,,,,,,,,,,,,,1177000000.000,,,,,,,,,,,,
NoncashOrPartNoncashAcquisitionNetNonmonetaryAssetsAcquiredLiabilitiesAssumed1,,,,,-594000000.000,,,,,,,,,,,,,,,,,,,,,
NoninterestExpense,2162000000.000,2255000000.000,2297000000.000,2618000000.000,2504000000.000,3142000000.000,3045000000.000,3255000000.000,3028000000.000,3059000000.000,3147000000.000,3280000000.000,2932000000.000,2979000000.000,2985000000.000,3284000000.000,3049000000.000,3307000000.000,3160000000.000,3480000000.000,3223000000.000,3295000000.000,3361000000.000,3679000000.000,3434000000.000,3414000000.000
NoninterestIncome,942000000.000,857000000.000,871000000.000,868000000.000,1521000000.000,1054000000.000,1136000000.000,1096000000.000,981000000.000,1085000000.000,1091000000.000,1121000000.000,1020000000.000,1153000000.000,1142000000.000,1157000000.000,1071000000.000,1135000000.000,1140000000.000,1233000000.000,1164000000.000,1161000000.000,1184000000.000,1119000000.000,1061000000.000,1231000000.000
NoninterestIncomeOther,89000000.000,60000000.000,2000000.000,67000000.000,198000000.000,120000000.000,140000000.000,54000000.000,11000000.000,69000000.000,96000000.000,129000000.000,111000000.000,159000000.000,157000000.000,181000000.000,153000000.000,146000000.000,167000000.000,193000000.000,172000000.000,176000000.000,194000000.000,-1000000.000,120000000.000,141000000.000
NotesIssued1,,,,,,,,,1206000000.000,,,,,,,,,,,,,,,,,
NotesReduction,,,,,,,,,1206000000.000,,,,0.000,,,,,,,,,,,,,
OccupancyNet,119000000.000,118000000.000,122000000.000,131000000.000,123000000.000,145000000.000,145000000.000,914000000.000,350000000.000,356000000.000,369000000.000,429000000.000,405000000.000,447000000.000,419000000.000,474000000.000,435000000.000,439000000.000,444000000.000,511000000.000,458000000.000,465000000.000,499000000.000,522000000.000,471000000.000,474000000.000
OriginationOfMortgageServicingRightsMSRs,4000000.000,2000000.000,1000000.000,2000000.000,4000000.000,4000000.000,,,,,,,,,,,,,,,,,,,,
OtherComprehensiveIncomeAvailableForSaleSecuritiesAdjustmentNetOfTaxPeriodIncreaseDecrease,-50000000.000,,,,,,,,,,,,,,,,,,,,,,,,,
OtherComprehensiveIncomeAvailableForSaleSecuritiesTax,27000000.000,,,,,,,,,,,,,,,,,,,,,,,,,
OtherComprehensiveIncomeAvailableforsaleSecuritiesAdjustmentBeforeTaxPortionAttributableToParent,,,,,,,449000000.000,,-254000000.000,-1735000000.000,1104000000.000,,,,-104000000.000,,190000000.000,-259000000.000,98000000.000,-422000000.000,296000000.000,212000000.000,17000000.000,-779000000.000,46000000.000,237000000.000
OtherComprehensiveIncomeAvailableforsaleSecuritiesAdjustmentNetOfTaxPortionAttributableToParent,,,,,-6000000.000,105000000.000,280000000.000,-63000000.000,-158000000.000,-1082000000.000,689000000.000,,,,-65000000.000,,122000000.000,-166000000.000,62000000.000,-266000000.000,187000000.000,136000000.000,10000000.000,-499000000.000,36000000.000,149000000.000
OtherComprehensiveIncomeAvailableforsaleSecuritiesTaxPortionAttributableToParent,,,,,4000000.000,66000000.000,169000000.000,-42000000.000,-96000000.000,-653000000.000,415000000.000,,,,-39000000.000,,68000000.000,-93000000.000,36000000.000,-156000000.000,109000000.000,76000000.000,7000000.000,-280000000.000,10000000.000,88000000.000
OtherComprehensiveIncomeDefinedBenefitPlansAdjustmentBeforeTaxPortionAttributableToParent,,,,,,,,,-4000000.000,3000000.000,1000000.000,-49000000.000,1000000.000,,,,,,,,,,,,,
OtherComprehensiveIncomeDefinedBenefitPlansAdjustmentNetOfTaxPortionAttributableToParent,,,,,,3000000.000,,,-2000000.000,4000000.000,1000000.000,-33000000.000,1000000.000,,,,,,,,,,,,,
OtherComprehensiveIncomeDefinedBenefitPlansTaxPortionAttributableToParent,,,,,,2000000.000,,,-2000000.000,1000000.000,0.000,-18000000.000,0.000,,,,,,,,,,,,,
OtherComprehensiveIncomeDerivativesQualifyingAsHedgesBeforeTaxPortionAttributableToParent,,,,,,,93000000.000,,-21000000.000,-258000000.000,84000000.000,-55000000.000,30000000.000,,-107000000.000,,258000000.000,-129000000.000,365000000.000,-319000000.000,600000000.000,227000000.000,-226000000.000,-916000000.000,-104000000.000,72000000.000
OtherComprehensiveIncomeDerivativesQualifyingAsHedgesNetOfTaxPortionAttributableToParent,,,,,1000000.000,39000000.000,60000000.000,-27000000.000,-13000000.000,-161000000.000,53000000.000,-34000000.000,19000000.000,,-68000000.000,,162000000.000,-81000000.000,230000000.000,-201000000.000,377000000.000,143000000.000,-142000000.000,-576000000.000,-66000000.000,45000000.000
OtherComprehensiveIncomeDerivativesQualifyingAsHedgesTaxPortionAttributableToParent,,,,,,21000000.000,33000000.000,,-8000000.000,-97000000.000,31000000.000,-21000000.000,11000000.000,,-39000000.000,,96000000.000,-48000000.000,135000000.000,-118000000.000,223000000.000,84000000.000,-84000000.000,-340000000.000,-38000000.000,27000000.000
OtherComprehensiveIncomeForeignCurrencyTransactionAndTranslationAdjustmentBeforeTaxPortionAttributableToParent,,,,,,,63000000.000,,-125000000.000,,,,,,-41000000.000,,-41000000.000,-21000000.000,-15000000.000,-9000000.000,26000000.000,40000000.000,4000000.000,16000000.000,4000000.000,-3000000.000
OtherComprehensiveIncomeForeignCurrencyTransactionAndTranslationAdjustmentNetOfTaxPeriodIncreaseDecrease,59000000.000,,,,55000000.000,,,,,,,,,,,,,,,,,,,,,
OtherComprehensiveIncomeForeignCurrencyTransactionAndTranslationAdjustmentNetOfTaxPortionAttributableToParent,,,,,,,63000000.000,,-125000000.000,-18000000.000,124000000.000,27000000.000,-13000000.000,,-82000000.000,,-84000000.000,35000000.000,-52000000.000,-34000000.000,1000000.000,-30000000.000,-20000000.000,-30000000.000,17000000.000,31000000.000
OtherComprehensiveIncomeForeignCurrencyTransactionAndTranslationGainLossArisingDuringPeriodNetOfTax,,,,,,,,,-125000000.000,,,,,,,,,,,,,,,,,
OtherComprehensiveIncomeForeignCurrencyTranslationAdjustmentTaxPortionAttributableToParent,,,,,,,0.000,,0.000,0.000,0.000,0.000,0.000,,41000000.000,,43000000.000,-56000000.000,37000000.000,25000000.000,25000000.000,70000000.000,24000000.000,46000000.000,-13000000.000,-34000000.000
OtherComprehensiveIncomeLossAvailableForSaleSecuritiesAdjustmentBeforeReclassificationAdjustmentsNetOfTax,,,,,,,,,-157000000.000,,,,,,,,,,,,,,,,,
OtherComprehensiveIncomeLossAvailableForSaleSecuritiesAdjustmentBeforeTax,,,,,,,524000000.000,,-207000000.000,-1746000000.000,,,,,,,,,,,,,,,,
OtherComprehensiveIncomeLossBeforeReclassificationsNetOfTax,,,,,,,,,,-1253000000.000,-42000000.000,,179000000.000,346000000.000,-180000000.000,132000000.000,234000000.000,-175000000.000,268000000.000,-451000000.000,596000000.000,307000000.000,-98000000.000,-1052000000.000,34000000.000,256000000.000
OtherComprehensiveIncomeLossBeforeTax,,,,,,,,,,,,,,492000000.000,,,,,,,,,,,,
OtherComprehensiveIncomeLossBeforeTaxPortionAttributableToParent,,,,,,,656000000.000,,-351000000.000,-2020000000.000,-151000000.000,-67000000.000,273000000.000,,-211000000.000,,436000000.000,-369000000.000,474000000.000,-708000000.000,938000000.000,532000000.000,-155000000.000,-1624000000.000,-11000000.000,348000000.000
OtherComprehensiveIncomeLossDerivativesQualifyingAsHedgesBeforeTax,,,,,,,,,,,,,,114000000.000,,,,,,,,,,,,
OtherComprehensiveIncomeLossDerivativesQualifyingAsHedgesNetOfTax,,,,,,,,,,,,,,71000000.000,,,,,,,,,,,,
OtherComprehensiveIncomeLossDerivativesQualifyingAsHedgesTax,,,,,,,,,,,,,,43000000.000,,,,,,,,,,,,
OtherComprehensiveIncomeLossForeignCurrencyTransactionAndTranslationAdjustmentBeforeTax,,,,,,,63000000.000,,-125000000.000,-18000000.000,124000000.000,27000000.000,-13000000.000,79000000.000,,,,,,,,,,,,
OtherComprehensiveIncomeLossForeignCurrencyTransactionAndTranslationAdjustmentNetOfTax,,,,,,-44000000.000,,,,,,,,79000000.000,,,,,,,,,,,,
OtherComprehensiveIncomeLossForeignCurrencyTransactionAndTranslationReclassificationAdjustmentRealizedUponSaleOrLiquidationNetOfTax,,,,,,,,,0.000,,,,,,,,,,,,,,,,,
OtherComprehensiveIncomeLossForeignCurrencyTranslationAdjustmentTax,,,,,,,,,,,,,,0.000,,,,,,,,,,,,
OtherComprehensiveIncomeLossNetOfTax,,,,,,,,,,-1265000000.000,-47000000.000,,162000000.000,339000000.000,,,,,,,,,,,,
OtherComprehensiveIncomeLossNetOfTaxPeriodIncreaseDecrease,-3000000.000,,,,,,,,,,,,,,,,,,,,,,,,,
OtherComprehensiveIncomeLossNetOfTaxPortionAttributableToParent,,,,,84000000.000,97000000.000,431000000.000,-42000000.000,-266000000.000,-1265000000.000,-47000000.000,-33000000.000,162000000.000,,-188000000.000,,218000000.000,-185000000.000,255000000.000,-474000000.000,575000000.000,282000000.000,-120000000.000,-1070000000.000,15000000.000,251000000.000
OtherComprehensiveIncomeLossPensionAndOtherPostretirementBenefitPlansAdjustmentBeforeReclassificationAdjustmentsNetOfTax,,,,,,,,,0.000,,,,,,,,,,,,,,,,,
OtherComprehensiveIncomeLossPensionAndOtherPostretirementBenefitPlansAdjustmentBeforeTax,,,,,,,,,,,,,,3000000.000,,,,,,,,,,,,
OtherComprehensiveIncomeLossPensionAndOtherPostretirementBenefitPlansAdjustmentNetOfTax,,,,,,,,,-2000000.000,,,,,1000000.000,,,,,,,,,,,,
OtherComprehensiveIncomeLossPensionAndOtherPostretirementBenefitPlansTax,,,,,,,,,,,,,,2000000.000,,,,,,,,,,,,
OtherComprehensiveIncomeLossReclassificationAdjustmentForSaleOfSecuritiesIncludedInNetIncomeBeforeTax,,,,,,,-1000000.000,,-2000000.000,,,,,,,,,,,,,,,,,
OtherComprehensiveIncomeLossReclassificationAdjustmentForSaleOfSecuritiesIncludedInNetIncomeNetOfTax,,,,,,-19000000.000,-1000000.000,,-1000000.000,,,,,,,,,,,,,,,,,
OtherComprehensiveIncomeLossReclassificationAdjustmentForSaleOfSecuritiesIncludedInNetIncomeTax,,,,,,11000000.000,0.000,,-1000000.000,,,,,,,,,,,,,,,,,
OtherComprehensiveIncomeLossReclassificationAdjustmentFromAOCIForSaleOfSecuritiesBeforeTax,,,,,,,,,,-1000000.000,,,,,,,,,,,,,,,,
OtherComprehensiveIncomeLossReclassificationAdjustmentFromAOCIForSaleOfSecuritiesNetOfTax,,,,,,,,,,-1000000.000,,,,,,,,,,,,,,,,
OtherComprehensiveIncomeLossReclassificationAdjustmentFromAOCIForSaleOfSecuritiesTax,,,,,,,,,,0.000,,,,,,,,,,,,,,,,
OtherComprehensiveIncomeLossReclassificationAdjustmentOnDerivativesIncludedInNetIncomeBeforeTax,,,,,,,,,-12000000.000,,,,,,,,,,,,,,,,,
OtherComprehensiveIncomeLossReclassificationAdjustmentOnDerivativesIncludedInNetIncomeNetOfTax,,,,,,,,,-7000000.000,,,,,,,,,,,,,,,,,
OtherComprehensiveIncomeLossReclassificationAdjustmentOnDerivativesIncludedInNetIncomeTax,,,,,,,,,-5000000.000,,,,,,,,,,,,,,,,,
OtherComprehensiveIncomeLossReclassificationPensionAndOtherPostretirementBenefitPlansNetGainLossRecognizedInNetPeriodicBenefitCostTax,,,,,,,,,1000000.000,,,,,,,,,,,,,,,,,
OtherComprehensiveIncomeLossTax,,,,,,,225000000.000,,-85000000.000,-755000000.000,-104000000.000,-34000000.000,111000000.000,153000000.000,,,,,,,,,,,,
OtherComprehensiveIncomeLossTaxPortionAttributableToParent1,,,,,,,225000000.000,,-85000000.000,,,,,,-23000000.000,,218000000.000,-184000000.000,219000000.000,-234000000.000,363000000.000,250000000.000,-35000000.000,-554000000.000,-26000000.000,97000000.000
OtherComprehensiveIncomeLossTransfersFromHeldToMaturityToAvailableForSaleSecuritiesNetOfTax,,,,,,,,,,,0.000,,,,,,,,,,,,,,,
OtherComprehensiveIncomeReclassificationAdjustmentForSaleOfSecuritiesIncludedInNetIncomeNetOfTax,3000000.000,-3000000.000,121000000.000,-5000000.000,-10000000.000,,,,,,,,,,,,,,,,,,,,,
OtherComprehensiveIncomeReclassificationAdjustmentForSaleOfSecuritiesIncludedInNetIncomeTax,2000000.000,-2000000.000,-67000000.000,131000000.000,-5000000.000,,,,,,,,,,,,,,,,,,,,,
OtherComprehensiveIncomeReclassificationOfDefinedBenefitPlansNetGainLossRecognizedInNetPeriodicBenefitCostBeforeTax,,,,,,,,,3000000.000,,,,,,,,,,,,,,,,,
OtherComprehensiveIncomeReclassificationOfDefinedBenefitPlansNetGainLossRecognizedInNetPeriodicBenefitCostNetOfTax,,,,,,,,,2000000.000,,,,,,,,,,,,,,,,,
OtherComprehensiveIncomeUnrealizedGainLossOnDerivativesArisingDuringPeriodNetOfTax,-8000000.000,,,,,,,,-6000000.000,,,,,,,,,,,,,,,,,
OtherComprehensiveIncomeUnrealizedGainLossOnDerivativesArisingDuringPeriodTax,4000000.000,,,,,,,,,,,,,,,,,,,,,,,,,
OtherComprehensiveIncomeUnrealizedHoldingGainLossOnSecuritiesArisingDuringPeriodBeforeTax,,,,,,,449000000.000,,-209000000.000,,,,,,,,,,,,,,,,,
OtherComprehensiveIncomeUnrealizedHoldingGainLossOnSecuritiesArisingDuringPeriodNetOfTax,-55000000.000,164000000.000,41000000.000,-117000000.000,14000000.000,126000000.000,327000000.000,-22000000.000,-129000000.000,-1089000000.000,,,,,,,,,,,,,,,,
OtherComprehensiveIncomeUnrealizedHoldingGainLossOnSecuritiesArisingDuringPeriodTax,,,,,,,-197000000.000,,78000000.000,-657000000.000,,,,,,,,,,,,,,,,
OtherInterestAndDividendIncome,19000000.000,19000000.000,21000000.000,17000000.000,26000000.000,26000000.000,18000000.000,28000000.000,28000000.000,23000000.000,23000000.000,27000000.000,30000000.000,24000000.000,26000000.000,27000000.000,28000000.000,24000000.000,25000000.000,22000000.000,17000000.000,18000000.000,25000000.000,29000000.000,28000000.000,26000000.000
OtherNoninterestExpense,727000000.000,807000000.000,792000000.000,936000000.000,846000000.000,1178000000.000,1127000000.000,-765000000.000,541000000.000,490000000.000,592000000.000,530000000.000,415000000.000,437000000.000,416000000.000,467000000.000,420000000.000,468000000.000,464000000.000,491000000.000,445000000.000,475000000.000,515000000.000,536000000.000,499000000.000,493000000.000
OtherThanTemporaryImpairmentCreditLossesRecognizedInEarningsAdditionsAdditionalCreditLosses,,,,,14000000.000,13000000.000,13000000.000,12000000.000,25000000.000,4000000.000,11000000.000,1000000.000,5000000.000,1000000.000,2000000.000,4000000.000,10000000.000,2000000.000,3000000.000,3000000.000,6000000.000,1000000.000,0.000,1000000.000,0.000,1000000.000
OtherThanTemporaryImpairmentCreditLossesRecognizedInEarningsAdditionsNoPreviousImpairment,,,,,13000000.000,4000000.000,7000000.000,6000000.000,17000000.000,1000000.000,8000000.000,1000000.000,4000000.000,1000000.000,1000000.000,-1000000.000,5000000.000,0.000,2000000.000,0.000,0.000,1000000.000,0.000,2000000.000,,0.000
OtherThanTemporaryImpairmentCreditLossesRecognizedInEarningsPeriodIncreaseDecrease,,,,,,,,,25000000.000,,,,,,,,,,,,,,,,,
OtherThanTemporaryImpairmentCreditLossesRecognizedInEarningsReductionsCashFlows,,,,,,,,,,,,,,1000000.000,,,,,,,,,,,,
OtherThanTemporaryImpairmentCreditLossesRecognizedInEarningsReductionsSecuritiesSold,,,,,0.000,0.000,0.000,0.000,0.000,0.000,0.000,1000000.000,,,,,,,,,,,,,,
OtherThanTemporaryImpairmentLossesInvestmentsAvailableforsaleSecurities,,,,,,,,,,,16000000.000,,3000000.000,3000000.000,10000000.000,7000000.000,9000000.000,12000000.000,11000000.000,7000000.000,11000000.000,1000000.000,0.000,,,
OtherThanTemporaryImpairmentLossesInvestmentsPortionInOtherComprehensiveIncomeLossBeforeTaxIncludingPortionAttributableToNoncontrollingInterestAvailableforsaleSecurities,,,,,,,,,,,-5000000.000,,2000000.000,-2000000.000,,,,,,,,,,,,
OtherThanTemporaryImpairmentLossesInvestmentsPortionInOtherComprehensiveIncomeLossBeforeTaxPortionAttributableToParent,,,,,,,-74000000.000,,-45000000.000,-12000000.000,-3000000.000,,,,,,,,,,,,,,,
OtherThanTemporaryImpairmentLossesInvestmentsPortionInOtherComprehensiveIncomeLossBeforeTaxPortionAttributableToParentAvailableforsaleSecurities,,,,,,,,,,,,,,,1000000.000,,-6000000.000,5000000.000,6000000.000,4000000.000,3000000.000,-1000000.000,0.000,,,
OtherThanTemporaryImpairmentLossesInvestmentsPortionInOtherComprehensiveIncomeLossBeforeTaxPortionAttributableToParentHeldtomaturitySecurities,,,,,,,,,,,1465000000.000,,,,,,,,,,,,,,,
OtherThanTemporaryImpairmentLossesInvestmentsPortionInOtherComprehensiveIncomeLossNetOfTaxPortionAttributableToParent,,,,,-34000000.000,0.000,-46000000.000,-21000000.000,-28000000.000,8000000.000,-3000000.000,,,,,,,,,,,,,,,
OtherThanTemporaryImpairmentLossesInvestmentsPortionInOtherComprehensiveIncomeLossTaxPortionAttributableToParent,,,,,-20000000.000,,,,,,,,,,,,,,,,,,,,,
OtherThanTemporaryImpairmentLossesInvestmentsPortionRecognizedInEarningsNetAvailableforsaleSecurities,,,,,,,,,,,11000000.000,,5000000.000,1000000.000,9000000.000,9000000.000,15000000.000,7000000.000,5000000.000,3000000.000,8000000.000,2000000.000,0.000,7000000.000,0.000,4000000.000
ParticipatingSecuritiesDistributedAndUndistributedEarnings,,,,,7000000.000,1000000.000,5000000.000,2000000.000,5000000.000,4000000.000,5000000.000,3000000.000,5000000.000,4000000.000,,,,,,,,,,,,
PaymentsForOriginationAndPurchasesOfLoansHeldForSale,,,,,,,,,,,,,695000000.000,,,,1916000000.000,,,,1611000000.000,,,,1931000000.000,
PaymentsForProceedsFromBusinessesAndInterestInAffiliates,,,,,,,,,0.000,,,,,,,,,,,,,,,,,
PaymentsForProceedsFromLoansAndLeases,-1713000000.000,,,,-1275000000.000,,,,-5875000000.000,,,,-2817000000.000,,,,-3143000000.000,,,,-271000000.000,,,,-2910000000.000,
PaymentsForProceedsFromOtherInvestingActivities,,,,,,,,,,,,,,,,,-68000000.000,,,,21000000.000,,,,104000000.000,
PaymentsForRepurchaseOfCommonStock,38000000.000,,,,42000000.000,,,,28000000.000,,,,39000000.000,,,,563000000.000,,,,970000000.000,,,,218000000.000,
PaymentsOfDividendsCommonStock,23000000.000,,,,24000000.000,,,,30000000.000,,,,174000000.000,,,,167000000.000,,,,211000000.000,,,,195000000.000,
PaymentsOfDividendsPreferredStockAndPreferenceStock,,,,,,,,,13000000.000,,,,13000000.000,,,,32000000.000,,,,37000000.000,,,,53000000.000,
PaymentsToAcquireAvailableForSaleSecurities,3582000000.000,,,,4007000000.000,,,,5921000000.000,,,,4712000000.000,,,,2883000000.000,,,,4592000000.000,,,,5246000000.000,
PaymentsToAcquireBusinessesGross,,,,,-13740000000.000,,,,0.000,,,,,,,,,,,,,,,,,
PaymentsToAcquireBusinessesNetOfCashAcquired,1444000000.000,,,,,,,,,,,,,,,,,,,,,,,,,
PaymentsToAcquireHeldToMaturitySecurities,,,,,,,,,,,,,,,,,1193000000.000,,,,917000000.000,,,,1047000000.000,
PaymentsToAcquirePropertyPlantAndEquipment,67000000.000,,,,156000000.000,,,,236000000.000,,,,129000000.000,,,,153000000.000,,,,134000000.000,,,,222000000.000,
PreferredStockDividendRatePercentage,,,,,,,,,0.060,,,,0.060,,,,,,,,,,,,,
PreferredStockDividendsAndOtherAdjustments,,,,,,,,,13000000.000,,,,,,,,,,,,,,,,,
PreferredStockDividendsIncomeStatementImpact,,,,,,,,,,,,,,,20000000.000,,32000000.000,29000000.000,29000000.000,68000000.000,37000000.000,65000000.000,37000000.000,75000000.000,53000000.000,80000000.000
ProceedsFromIssuanceOfCommonStock,8000000.000,,,,3188000000.000,,,,23000000.000,,,,27000000.000,,,,24000000.000,,,,30000000.000,,,,41000000.000,
ProceedsFromIssuanceOfFinancialServicesObligations,,,,,,,,,750000000.000,,,,948000000.000,,,,,,,,,,,,,
ProceedsFromIssuanceOfLongTermDebt,,,,,1250000000.000,,,,638000000.000,,,,1994000000.000,,,,,,,,,,,,,
ProceedsFromIssuanceOfSecuredDebt,,,,,,,,,,,,,,,,,1300000000.000,,,,,,,,,
ProceedsFromIssuanceOfSeniorLongTermDebt,,,3000000000.000,,1250000000.000,,,,,,,,,,,,,,,,,,,,,
ProceedsFromIssuanceOfUnsecuredDebt,,,,,,,,,850000000.000,,,,,,,,,,,,,,,,,
ProceedsFromLoanOriginations,-29000000.000,,,,860000000.000,,,,,,,,,,,,,,,,,,,,,
ProceedsFromLoanOriginations1,,,,,,,,,266000000.000,,,,,,,,,,,,,,,,,
ProceedsFromMaturitiesPrepaymentsAndCallsOfAvailableForSaleSecurities,2597000000.000,,,,4839000000.000,,,,4877000000.000,,,,2030000000.000,,,,1891000000.000,,,,1902000000.000,,,,1832000000.000,
ProceedsFromMaturitiesPrepaymentsAndCallsOfHeldToMaturitySecurities,,,,,,,,,,,,,,,,,453000000.000,,,,456000000.000,,,,586000000.000,
ProceedsFromRecoveriesOfLoanPreviouslyChargedOff,,,,,,,,,417000000.000,,,,404000000.000,,,,403000000.000,,,,384000000.000,,,,481000000.000,
ProceedsFromRecoveriesOfLoansPreviouslyChargedOff,-435000000.000,,,,-406000000.000,,,,,,,,,,,,,,,,,,,,,
ProceedsFromRepaymentsOfOtherDebt,512000000.000,,,,-6713000000.000,,,,-8994000000.000,,,,-11787000000.000,,,,-10396000000.000,,,,-64000000.000,,,,54000000.000,
ProceedsFromRepaymentsOfRestrictedCashFinancingActivities,,,,,,,,,,,,,,,,,0.000,,,,57000000.000,,,,,
ProceedsFromSaleAndCollectionOfLoansHeldforsale,,,,,,,,,,,,,,,,,1234000000.000,,,,1573000000.000,,,,2250000000.000,
ProceedsFromSaleAndMaturityOfAvailableForSaleSecurities,,,6400000000.000,,7300000000.000,6900000000.000,16000000.000,,,,,,,,,,,,,,,,,,,
ProceedsFromSaleOfAvailableForSaleSecurities,846000000.000,,,,7337000000.000,,,,720000000.000,,,,2976000000.000,,3268000000.000,,1342000000.000,971000000.000,898000000.000,1168000000.000,1923000000.000,776000000.000,828000000.000,619000000.000,2888000000.000,235000000.000
ProceedsFromSaleOfMortgageLoansHeldForSale,135000000.000,,,,450000000.000,,,,803000000.000,,,,667000000.000,,,,,,,,,,,,,
ProceedsFromSaleOfMortgageServicingRightsMSR,,0.000,0.000,,,,,,,,,,,,,,,,,,,,,,,
ProceedsFromStockPlans,23000000.000,,,,16000000.000,,,,15000000.000,,,,12000000.000,,,,19000000.000,,,,3000000.000,,,,65000000.000,
ProfessionalAndContractServicesExpense,,,,,,,,,307000000.000,329000000.000,320000000.000,347000000.000,287000000.000,296000000.000,304000000.000,329000000.000,296000000.000,334000000.000,313000000.000,349000000.000,278000000.000,304000000.000,296000000.000,197000000.000,247000000.000,279000000.000
ProvisionForLoanAndLeaseLosses,534000000.000,343000000.000,622000000.000,861000000.000,573000000.000,1677000000.000,1014000000.000,1151000000.000,885000000.000,762000000.000,849000000.000,957000000.000,735000000.000,704000000.000,993000000.000,1109000000.000,935000000.000,,,,,,,,,
ProvisionForLoanLeaseAndOtherLosses,,,,,,,,,,,,,,,993000000.000,,935000000.000,1129000000.000,1092000000.000,1380000000.000,1527000000.000,1592000000.000,1588000000.000,1752000000.000,1992000000.000,1800000000.000
ReclassificationFromAccumulatedOtherComprehensiveIncomeCurrentPeriodNetOfTax,,,,,,,,,,12000000.000,5000000.000,,17000000.000,7000000.000,8000000.000,3000000.000,16000000.000,10000000.000,13000000.000,23000000.000,21000000.000,25000000.000,22000000.000,18000000.000,19000000.000,5000000.000
RepaymentsOfAccountsReceivableSecuritization,,,,,,,,,,,,,1500000000.000,,,,,,,,,,,,,
RepaymentsOfFinancialServicesObligations,2409000000.000,,,,1053000000.000,,,,1102000000.000,,,,1470000000.000,,,,,,,,,,,,,
RepaymentsOfSecuredDebt,,,,,,,,,,,,,,,,,175000000.000,,,,1325000000.000,,,,3283000000.000,
RepaymentsOfSubordinatedDebt,,,,,,,,,209000000.000,88000000.000,,,,,,,,,,,,,,,,
RepaymentsOfSubordinatedShortTermDebt,,,,,,,,,3641000000.000,,,,0.000,,,,,,,,,,,,,
RepaymentsOfUnsecuredDebt,,,,,,,,,,,,,,,,,1250000000.000,,,,500000000.000,,,,1000000000.000,
Revenues,,,,,,,,,,5638000000.000,5651000000.000,,5370000000.000,5468000000.000,5639000000.000,5813000000.000,5647000000.000,5672000000.000,5900000000.000,6194000000.000,6220000000.000,6254000000.000,6461000000.000,6566000000.000,6535000000.000,6704000000.000
SalesRevenueNet,,,,,,,,,,5638000000.000,5651000000.000,,5370000000.000,5468000000.000,5639000000.000,5813000000.000,5647000000.000,5672000000.000,5900000000.000,6194000000.000,6220000000.000,6254000000.000,6461000000.000,6566000000.000,6535000000.000,6704000000.000
SegmentReportingInformationRevenue,,,4154000000.000,,4935000000.000,5055000000.000,5782000000.000,5624000000.000,5551000000.000,,,,,,,,,,,,,,,,,
SegmentReportingSegmentRevenue,4082000000.000,3993000000.000,,,,,,,,,,,,,,,,,,,,,,,,
ServicingAssetAtFairValueChangesInFairValueResultingFromChangesInValuationInputsOrChangesInAssumptions,-1000000.000,-16000000.000,-37000000.000,-3000000.000,-2000000.000,-15000000.000,,,,,,,,,,,,,,,,,,,,
ShareBasedCompensation,75000000.000,,,,63000000.000,,,,54000000.000,,,,84000000.000,,,,50000000.000,,,,44000000.000,,,,77000000.000,
StockIssuedDuringPeriodValueAcquisitions,,,,,2638000000.000,,,,,,,,,,,,,,,,,,,,,
StockIssuedDuringPeriodValueNewIssues,8000000.000,,,,3188000000.000,,,,23000000.000,,,,27000000.000,,,,,,,,,,,,,
TransferOfLoansHeldForSaleToPortfolioLoans1,,,,,,,,,6738000000.000,,,,8000000.000,,,,,,,,,,,,,
TransferOfPortfolioLoansAndLeasesToHeldForSale1,,,,,,,,,,,,,,,,,3000000.000,,,,510000000.000,,,,140000000.000,
TranslationAdjustmentForNetInvestmentHedgeIncreaseDecreaseNetOfTax,-1000000.000,0.000,-1000000.000,0.000,0.000,0.000,0.000,0.000,,,,,,,,,,,,,,,,,,
TreasuryStockValueAcquiredCostMethod,38000000.000,,,,42000000.000,,,,28000000.000,,,,39000000.000,,,,563000000.000,,,,970000000.000,,,,218000000.000,
UnrealizedGainLossOnForeignCurrencyDerivativesNetBeforeTax,0.000,-10000000.000,-5000000.000,-5000000.000,-6000000.000,-5000000.000,-7000000.000,-5000000.000,-5000000.000,-5000000.000,-6000000.000,-5000000.000,-5000000.000,-6000000.000,,,,,,,,,,,,
VariableInterestEntityCarryingAmountOfCollateralizedAssets,51702000000.000,,,,,,,,,,,,,,,,,,,,,,,,,
VariableInterestEntityCarryingAmountOfCollateralizedAssetsUnconsolidatedVIE,2137000000.000,,,,,,,,,,,,,,,,,,,,,,,,,
VariableInterestEntityCarryingAmountOfCollateralizedLiabilitiesUnconsolidatedVIE,334000000.000,,,,,,,,,,,,,,,,,,,,,,,,,
VariableInterestEntityCarryingAmountOfLiabilitiesConsolidatedVIE,24883000000.000,,,,,,,,,,,,,,,,,,,,,,,,,
WeightedAverageNumberDilutedSharesOutstandingAdjustment,6000000.000,6000000.000,4000000.000,-13000000.000,4000000.000,5000000.000,6000000.000,-10000000.000,5000000.000,7000000.000,8800000.000,-12900000.000,9300000.000,10100000.000,8000000.000,-18600000.000,7000000.000,6400000.000,5700000.000,-12900000.000,4500000.000,4800000.000,4800000.000,-9200000.000,5600000.000,4100000.000
WeightedAverageNumberOfDilutedSharesOutstanding,460000000.000,462000000.000,460000000.000,-923000000.000,513000000.000,583000000.000,584000000.000,-1114000000.000,586000000.000,589000000.000,591100000.000,-1178500000.000,580300000.000,577600000.000,567900000.000,-1153900000.000,557200000.000,552000000.000,546300000.000,-1107500000.000,528000000.000,516500000.000,505900000.000,-1040600000.000,487900000.000,488100000.000
WeightedAverageNumberOfSharesOutstandingBasic,454000000.000,456000000.000,456000000.000,-910000000.000,509000000.000,578000000.000,578000000.000,-1104000000.000,581000000.000,582000000.000,582300000.000,-1165600000.000,571000000.000,567500000.000,559900000.000,-1135300000.000,550200000.000,545600000.000,540600000.000,-1094600000.000,523500000.000,511700000.000,501100000.000,-1031400000.000,482300000.000,484000000.000
