,2011-06-30,2011-09-30,2012-03-31,2012-06-30,2012-09-30,2012-12-31,2013-03-31,2013-06-30,2013-09-30,2013-12-31,2014-03-31,2014-06-30,2014-09-30,2014-12-31,2015-03-31,2015-06-30,2015-09-30,2015-12-31,2016-03-31,2016-06-30,2016-09-30,2016-12-31,2017-03-31
BusinessCombinationConsiderationTransferred1,,,,,,,,,,,,,,,,,,,600000.000,,,,
CashPeriodIncreaseDecrease,,,43800.000,,,,51964.000,,,,36637.000,,,,49830.000,,,,39769.000,,,,
CostOfRevenue,162463.000,177202.000,199399.000,179289.000,194662.000,149757.000,169139.000,200757.000,169581.000,212780.000,189060.000,175467.000,171615.000,134976.000,144515.000,152213.000,196178.000,127390.000,130035.000,,,,
CostsAndExpenses,395105.000,432951.000,378850.000,389797.000,433943.000,472325.000,381556.000,412176.000,416914.000,400351.000,372260.000,389964.000,418656.000,373726.000,367860.000,396846.000,387050.000,390890.000,384757.000,99596.000,81420.000,-210188.000,17512.000
CostsAndExpensesRelatedParty,,,,,,,14206.000,,,,6131.000,,,,4598.000,,,,3885.000,,,,
DebtConversionConvertedInstrumentSharesIssued1,,,,,,,,,,,,,,,,,,,,,,,1000000.000
DebtInstrumentIncreaseAccruedInterest,,,,,,,,,,,,,,,5888211.000,,,,,,,,
DepreciationAndAmortization,26873.000,28596.000,29443.000,26470.000,25612.000,27144.000,27590.000,28406.000,28508.000,26817.000,28205.000,30524.000,27234.000,26929.000,27314.000,27841.000,27073.000,27803.000,28770.000,272.000,,,127.000
DepreciationDepletionAndAmortization,,,,,,,,,,,,,,,27314.000,,,,,,,,
DisposalGroupIncludingDiscontinuedOperationCostsOfGoodsSold,,,,,,,,,,,,,,,,,,,,158630.000,129349.000,,
DisposalGroupIncludingDiscontinuedOperationDepreciationAndAmortization,,,,,,,,,,,,,,,,,,,,28164.000,27980.000,,
DisposalGroupIncludingDiscontinuedOperationGeneralAndAdministrativeExpense,,,,,,,,,,,,,,,,,,,,273710.000,282428.000,,
DisposalGroupIncludingDiscontinuedOperationGrossProfitLoss,,,,,,,,,,,,,,,,,,,,368457.000,276073.000,,
DisposalGroupIncludingDiscontinuedOperationOperatingExpense,,,,,,,,,,,,,,,,,,,,301874.000,310408.000,,
DisposalGroupIncludingDiscontinuedOperationOperatingIncomeLoss,,,,,,,,,,,,,,,,,,,,66583.000,-34335.000,,
DisposalGroupIncludingDiscontinuedOperationOtherIncome,,,,,,,,,,,,,,,,,,,,30234.000,63080.000,,
DisposalGroupIncludingDiscontinuedOperationRevenue,,,,,,,,,,,,,,,,,,,,527087.000,405422.000,,
EarningsPerShareBasicAndDiluted,-0.010,-0.050,-0.030,-0.020,-0.060,-0.090,-0.040,-0.030,-0.060,-0.070,-0.030,-0.020,-0.060,-0.030,-0.020,-0.030,-0.050,-0.050,-0.030,-0.040,-0.040,-0.020,0.000
GainLossOnSaleOfPropertyPlantEquipment,36533.000,0.000,1673.000,-58445.000,-2436.000,-849.000,0.000,0.000,0.000,,0.000,,,,,,,,,,,,
GainLossOnSalesOfAssetsAndAssetImpairmentCharges,,,,,,,0.000,,,,0.000,,,,,,,,,,,,
GeneralAndAdministrativeExpense,,,,,,,,,,,,,,,340546.000,369005.000,359977.000,,,,,,
GrossProfit,506598.000,322159.000,364277.000,471317.000,281752.000,286574.000,356312.000,432829.000,325782.000,224335.000,423844.000,421172.000,302652.000,313173.000,416465.000,384291.000,295173.000,300877.000,437533.000,,,,
IncomeLossAttributableToNoncontrollingInterest,,,,84686.000,,,26501.000,,,,60049.000,,,,52435.000,,,,,,,,
IncomeLossFromContinuingOperations,111493.000,,,,,,,,,,,,,,,,,,,,,,-17512.000
IncomeLossFromContinuingOperationsBeforeIncomeTaxesDomestic,25304.000,-234393.000,-148226.000,-112290.000,-292109.000,-321968.000,-159866.000,-111067.000,-222444.000,-404310.000,-81960.000,101879.000,249168.000,355907.000,,,,,78977.000,202020.000,149703.000,234412.000,17512.000
IncomeLossFromContinuingOperationsBeforeIncomeTaxesExtraordinaryItemsNoncontrollingInterest,,-110792.000,,,,,,,,,,,,,-84619.000,-147164.000,-223711.000,,,-202020.000,-149703.000,,-17512.000
IncomeLossFromContinuingOperationsBeforeIncomeTaxesMinorityInterestAndIncomeLossFromEquityMethodInvestments,,,,81520.000,-152191.000,,,,,,,,,,,,,,,,,,
IncomeLossFromContinuingOperationsPerBasicAndDilutedShare,,,,,,,,,,,,,,,,,,,,-0.040,-0.030,,0.000
IncomeLossFromDiscontinuedOperationsNetOfTax,,,,,,,,,,,,,,,,,,,,36349.000,-63080.000,,
IncomeLossFromDiscontinuedOperationsNetOfTaxPerBasicAndDilutedShare,,,,,,,,,,,,,,,,,,,,0.000,-0.010,,0.000
IncomeTaxExpenseBenefit,0.000,0.000,0.000,0.000,0.000,0.000,0.000,0.000,0.000,0.000,0.000,,,,,,,,,,,,
IncomeTaxesPaid,,,,,,,,,,,0.000,,,,,,,,,,,,
IncomeTaxesPaidNet,,,0.000,,,,0.000,,,,,,,,,,,,,,,,
IncreaseDecreaseInAccountsPayableAndAccruedLiabilities,,,-28180.000,,,,-21926.000,,,,-37246.000,,,,5589.000,,,,35857.000,,,,-11223.000
IncreaseDecreaseInAccountsReceivable,,,2657.000,,,,5774.000,,,,-7020.000,,,,2415.000,,,,-4929.000,,,,
IncreaseDecreaseInDeferredRevenue,,,,,,,200000.000,,,,125000.000,,,,125000.000,,,,-25000.000,,,,
IncreaseDecreaseInDueToOtherRelatedParties,,,,,,,,,,,,,,,-106550.000,,,,,,,,
IncreaseDecreaseInInterestPayableNet,,,106525.000,,,,106983.000,,,,107126.000,,,,62410.000,,,,105294.000,,,,
IncreaseDecreaseInNotesPayableRelatedParties,,,,,,,,,,,41100.000,,,,34720.000,,,,,,,,
IncreaseDecreaseInOtherDeferredLiability,,,822.000,,,,-10945.000,,,,-10945.000,,,,-10945.000,,,,-10945.000,,,,
IncreaseDecreaseInPrepaidDeferredExpenseAndOtherAssets,,,6655.000,,,,-209607.000,,,,-159521.000,,,,,,,,-2423.000,,,,382.000
IncreaseDecreaseInPrepaidExpense,,,,,,,,,,,,,,,-3261.000,,,,,,,,
InterestExpense,-122722.000,-123601.000,-135326.000,135379.000,-135000.000,675392.000,-134622.000,-131867.000,-131312.000,-132121.000,-133544.000,-133087.000,-133164.000,-131434.000,-133224.000,-133609.000,131834.000,665506.000,131753.000,102424.000,68283.000,7067.000,
InterestPaid,,,0.000,,,,1242.000,,,,1673.000,,,,43926.000,,,,,,,,
LeaseAndRentalExpense,,,,,,,132460.000,,,,132460.000,,,,,,,,132460.000,,,,
LossesGainsOnSalesOfAssetsAndAssetImpairmentCharges,,,-1673.000,,,,,,,,,,,,,,,,,,,,
NetCashProvidedByUsedInFinancingActivities,,,140179.000,,,,133080.000,,,,68481.000,,,,46073.000,,,,4545.000,,,,28990.000
NetCashProvidedByUsedInFinancingActivitiesContinuingOperations,,,140179.000,,,,133080.000,,,,68481.000,,,,46073.000,,,,4545.000,,,,28990.000
NetCashProvidedByUsedInInvestingActivities,,,-35218.000,,,,-17938.000,,,,-34436.000,,,,-8739.000,,,,,,,,
NetCashProvidedByUsedInInvestingActivitiesContinuingOperations,,,-35218.000,,,,-17938.000,,,,-34436.000,,,,-8739.000,,,,,,,,
NetCashProvidedByUsedInOperatingActivities,,,-61161.000,,,,-63178.000,,,,2592.000,,,,104642.000,,,,35224.000,,,,-28990.000
NetCashProvidedByUsedInOperatingActivitiesContinuingOperations,,,-61161.000,,,,-63178.000,,,,2592.000,,,,104642.000,,,,35224.000,,,,-28990.000
NetIncomeLoss,-95050.000,-221096.000,-173320.000,-171882.000,-247744.000,-308438.000,-186367.000,-159407.000,-288364.000,-232977.000,-142009.000,160029.000,268735.000,418572.000,-137054.000,-173608.000,-208512.000,1238564.000,127461.000,183483.000,181874.000,135222.000,17512.000
NetIncomeLossAttributableToNoncontrollingInterest,120354.000,-13297.000,25094.000,59592.000,-44365.000,-13530.000,26501.000,48340.000,65920.000,-171333.000,60049.000,-33151.000,19567.000,-126798.000,52435.000,26444.000,15199.000,-51035.000,-48484.000,-17811.000,30909.000,,
NonoperatingIncomeExpense,-86189.000,-123601.000,-133653.000,14.000,-2482.000,,,-131720.000,-131312.000,,-133544.000,133087.000,133164.000,398522.000,133224.000,133609.000,-131834.000,-638506.000,-131753.000,-102424.000,-68283.000,-7067.000,
OperatingIncomeLoss,,,-14573.000,,,,-25244.000,20653.000,-91132.000,,51584.000,31208.000,-116004.000,-60553.000,48605.000,-13555.000,-91877.000,-89013.000,52776.000,-99596.000,-81420.000,-227345.000,-17512.000
OperatingLeasesIncomeStatementLeaseRevenue,,,,,,,,,,,,,,,,,,,13104.000,,,,
OperatingLeasesRentExpenseNet,,,,,,,,,,,,,,,132460.000,,,,,,,,
OtherDepreciationAndAmortization,,,,,,,,,,,,,,,,,,,,,,,127.000
OtherGeneralExpense,,,,193810.000,-139918.000,,,,,,,,,,,,,,,,,,
OtherNonoperatingIncomeExpense,0.000,0.000,0.000,,,,-134622.000,147.000,0.000,134475.000,0.000,,,,,,,,,,,,
PaymentsToAcquireOtherPropertyPlantAndEquipment,,,90000.000,,,,0.000,,,,,,,,,,,,,,,,
PaymentsToAcquirePropertyPlantAndEquipment,,,-36893.000,,,,-17938.000,,,,-34436.000,,,,8739.000,,,,,,,,
ProceedsFromNotesPayable,,,,,,,0.000,,,,,,,,,,,,,,,,
ProceedsFromRelatedPartyDebt,,,52579.000,,,,141454.000,,,,39707.000,,,,320266.000,,,,81270.000,,,,28990.000
ProceedsFromRepaymentsOfBankOverdrafts,,,,,,,-1181.000,,,,-20756.000,,,,-15846.000,,,,-27694.000,,,,
ProceedsFromSaleOfPropertyPlantAndEquipment,,,1675.000,,,,0.000,,,,,,,,,,,,,,,,
ProfitLoss,25304.000,-234393.000,-148226.000,,,,-159866.000,-111067.000,-222444.000,-404310.000,-81960.000,101879.000,249168.000,-893893.000,-84619.000,-147164.000,-223711.000,-220853.000,78977.000,165672.000,212783.000,-1085472.000,-17512.000
RelatedPartyTransactionAmountsOfTransaction,,,,,,,,,,,40950.000,,,,,,,,,,,,
RepaymentsOfLongTermCapitalLeaseObligations,,,-7401.000,,,,-8374.000,,,,53372.000,,,,-7487.000,,,,7865.000,,,,
RepaymentsOfNotesPayable,,,0.000,,,,,,,,,,,,,,,,,,,,
RepaymentsOfRelatedPartyDebt,,,,,,,,,,,,,,,-287022.000,,,,68860.000,,,,
RevenueFromRelatedParties,39312.000,39312.000,39312.000,39312.000,40446.000,40950.000,40950.000,40949.000,40951.000,40950.000,40950.000,40950.000,40950.000,40950.000,40950.000,40950.000,40950.000,43929.000,40950.000,,,,
Revenues,669061.000,499361.000,563676.000,650606.000,476414.000,436331.000,525451.000,633586.000,495363.000,437115.000,612904.000,596639.000,474267.000,448149.000,560980.000,536504.000,491891.000,427727.000,567568.000,,,,
SalesRevenueNet,669061.000,499361.000,563676.000,650606.000,476414.000,436331.000,525451.000,633586.000,495363.000,437115.000,612904.000,596639.000,474267.000,448149.000,560980.000,536504.000,491891.000,427727.000,567568.000,,,,
SalesRevenueServicesGross,,,,,,,,,,,,555689.000,433317.000,,520000.000,495554.000,450941.000,383828.000,526618.000,,,,
SellingGeneralAndAdministrativeExpense,368232.000,404355.000,349407.000,363327.000,408331.000,445181.000,353966.000,383770.000,388406.000,373534.000,344055.000,359440.000,391422.000,349797.000,,,,,355987.000,99324.000,81420.000,-182195.000,17385.000
ShareBasedCompensation,,,,,,,,,,,1416.000,,,,1415.000,,,,567.000,,,,
StockIssuedDuringPeriodValueConversionOfConvertibleSecurities,,,-29184.000,,,,,,,,,,,,,,,,,,,,
WeightedAverageNumberOfDilutedSharesOutstanding,4522123.000,4522123.000,4522123.000,4522123.000,4522123.000,-9044246.000,4522123.000,4564716.000,4624123.000,-9088839.000,4624123.000,4624123.000,4624123.000,,4624123.000,4624123.000,4624123.000,-9248246.000,4624123.000,4622123.000,4622123.000,-9042060.000,5624123.000
