,2012-03-31,2012-06-30,2012-09-30,2012-12-31,2013-03-31,2013-06-30,2013-09-30,2013-12-31,2014-03-31,2014-06-30,2014-09-30,2014-12-31,2015-03-31,2015-06-30,2015-09-30,2015-12-31,2016-03-31,2016-06-30,2016-09-30,2016-12-31,2017-03-31
AmortizationOfIntangibleAssets,,,,,28597.000,,,,24516.000,,,,21170.000,,,,21552.000,,,,20920.000
AmortizationOfLeasedAsset,,,,,,,,,,,,,,,,,,,,,29322.000
CashAndCashEquivalentsPeriodIncreaseDecrease,-130080.000,,,,34445.000,,,,1912098.000,,,,8892413.000,,,,11091456.000,,,,-3205770.000
ComprehensiveIncomeNetOfTax,,,,,-906784.000,-1060362.000,-932045.000,-836617.000,-2198622.000,807162.000,-5913837.000,-952269.000,-2031272.000,-1825502.000,-2948163.000,-2705644.000,-2474248.000,-3016791.000,-3463678.000,-3059687.000,-3319178.000
DefinedBenefitPlanPlanAmendments,,,,,,,,,,,,,-1163549.000,,,,,,,,
Depreciation,,,,,,,,,,,,,,,,,50691.000,,,,72357.000
DepreciationAndAmortization,32977.000,,,,36434.000,,,,30914.000,,,,40158.000,,,,72243.000,,,,93277.000
DerivativeGainLossOnDerivativeNet,,,,,,,,,,,,,-339744.000,,,,,,,,
DerivativeLossOnDerivative,,,,,,,,,,,,,-339744.000,,,,,,,,
EarningsPerShareBasic,,,,,,,,,,0.060,-0.440,,,-0.100,-0.160,,,,,,
EarningsPerShareBasicAndDiluted,-0.090,-0.100,-0.090,-0.160,-0.090,-0.100,-0.080,-0.070,-0.180,,,,-0.120,,,,-0.130,-0.130,-0.150,-0.110,-0.130
EarningsPerShareDiluted,,,,,,,,,,0.060,,,,-0.100,-0.160,,,,,,
EffectOfExchangeRateOnCashAndCashEquivalents,-7455.000,,,,-3169.000,,,,-4194.000,,,,-31888.000,,,,16231.000,,,,37919.000
FairValueAssumptionsExpectedVolatilityRate,,,,,,,,,,,,,0.000,,,,,,,,
FairValueAssumptionsRiskFreeInterestRate,,,,,,,,,,,,,0.000,,,,,,,,
GainLossOnDispositionOfAssets,,,,,,,,,,,,,,,,,,,,,1929.000
GeneralAndAdministrativeExpense,44912.000,149055.000,48171.000,205899.000,51556.000,123143.000,67961.000,191346.000,68910.000,51757.000,129318.000,49066.000,247758.000,122447.000,141354.000,157457.000,228195.000,166056.000,163870.000,183534.000,244187.000
GoodwillImpairmentLoss,,,,,,,,,0.000,,,,,,,,,,,,
IncomeTaxExpenseBenefit,,,,,,,,,,,,,,,-4604.000,,,,,,
IncomeTaxesPaidNet,0.000,,,,,,,,,,,,,,,,,,,,
IncreaseDecreaseInAccountsPayableAndAccruedLiabilities,-35839.000,,,,219689.000,,,,55527.000,,,,-81476.000,,,,286250.000,,,,166243.000
IncreaseDecreaseInAccountsReceivable,-15672.000,,,,,,,,,,,,,,,,,,,,
IncreaseDecreaseInDueToRelatedPartiesCurrent,66908.000,,,,,,,,,,,,,,,,,,,,
IncreaseDecreaseInOtherCurrentAssets,-2722.000,,,,5286.000,,,,-12388.000,,,,-20206.000,,,,-5376.000,,,,3151.000
IncreaseDecreaseInPrepaidExpense,-32740.000,,,,-95488.000,,,,18954.000,,,,-91227.000,,,,-102934.000,,,,-178011.000
InterestPaid,0.000,,,,,,,,,,,,,,,,2364.000,,,,12205.000
IssuanceOfStockAndWarrantsForServicesOrClaims,207249.000,,,,83849.000,,,,121732.000,,,,261.000,,,,,,,,
LegalFees,,,,,,,,,84879.000,,,,,,,,,,,,
LiabilitiesFairValueAdjustment,,,,,,,,,,,,,-339744.000,,,,,,,,
LongTermPurchaseCommitmentAmount,,,,,,,,,,,,,,,,,294563.000,,,,
NetCashProvidedByUsedInFinancingActivities,479250.000,,,,594679.000,,,,2911922.000,,,,11203421.000,,,,13236660.000,,,,301090.000
NetCashProvidedByUsedInFinancingActivitiesContinuingOperations,479250.000,,,,594679.000,,,,2911922.000,,,,11203421.000,,,,13236660.000,,,,301090.000
NetCashProvidedByUsedInInvestingActivities,-37796.000,,,,-714.000,,,,-18067.000,,,,-73302.000,,,,,,,,-874891.000
NetCashProvidedByUsedInInvestingActivitiesContinuingOperations,-37796.000,,,,-714.000,,,,-18067.000,,,,-73302.000,,,,,,,,-874891.000
NetCashProvidedByUsedInOperatingActivities,-564079.000,,,,-556351.000,,,,-977563.000,,,,-2205818.000,,,,-2161435.000,,,,-2669888.000
NetCashProvidedByUsedInOperatingActivitiesContinuingOperations,-564079.000,,,,-556351.000,,,,-977563.000,,,,-2205818.000,,,,-2161435.000,,,,-2669888.000
NetIncomeLoss,-801740.000,-931466.000,,,-907797.000,,,,-2194426.000,816804.000,-5893944.000,-941963.000,-2010132.000,-1870762.000,-2962626.000,-2686722.000,-2492628.000,-2949366.000,-3479140.000,-2984144.000,-3350683.000
NonoperatingIncomeExpense,,,,,,,,,-956253.000,,,,,,,,,,,,
OfficersCompensation,,167263.000,120021.000,,198077.000,191315.000,179846.000,97181.000,171678.000,41485.000,457355.000,404892.000,339537.000,301406.000,611162.000,376621.000,328345.000,506691.000,857093.000,629247.000,793758.000
OperatingExpenses,817412.000,943173.000,,,907797.000,1047491.000,925567.000,1695057.000,1238173.000,1050437.000,1778167.000,1885423.000,2349876.000,2017574.000,2967230.000,2671039.000,2492628.000,2975257.000,3479140.000,3319578.000,3350683.000
OperatingIncomeLoss,,,,,-907797.000,-1047491.000,-925567.000,-1695057.000,-1238173.000,-1050437.000,-1763382.000,-1885423.000,-2349876.000,-2017574.000,-2967230.000,-2671039.000,-2492628.000,-2975257.000,-3479140.000,-3319578.000,-3350683.000
OtherComprehensiveIncomeForeignCurrencyTransactionAndTranslationAdjustmentNetOfTaxPortionAttributableToParent,,,,,1013.000,-12871.000,-6478.000,-7183.000,-4196.000,-9642.000,-19893.000,-10306.000,-21140.000,45260.000,14463.000,-18922.000,18380.000,-67425.000,15462.000,-75543.000,31505.000
OtherComprehensiveIncomeLossNetOfTaxPortionAttributableToParent,,,,,1013.000,-12871.000,-6478.000,-7183.000,-4196.000,-9642.000,-19893.000,-10306.000,-21140.000,45260.000,14463.000,-18922.000,18380.000,-67425.000,15462.000,-75543.000,31505.000
OtherExpenses,,,,,,,,,147186.000,,,,,,,,,,,,
OtherIncome,,,,,,,,,,1867241.000,-4130562.000,,,,,,,,,,
OtherOperatingIncomeExpenseNet,,,,,,,,,,,,,-2010132.000,146812.000,,,,25891.000,,,
PaymentsToAcquireEquipmentOnLease,,,,,,,,,,,,,,,,,,,,,587973.000
PaymentsToAcquirePropertyPlantAndEquipment,-37796.000,,,,714.000,,,,18067.000,,,,18302.000,,,,,,,,874891.000
ProceedsFromIssuanceOfCommonStock,479250.000,,,,596000.000,,,,2767935.000,,,,11203421.000,,,,13257030.000,,,,43300.000
ProceedsFromNotesPayable,0.000,,,,,,,,,,,,,,,,,,,,287648.000
ProfessionalFees,72173.000,67423.000,68028.000,42842.000,64965.000,92394.000,153226.000,311137.000,127121.000,165901.000,119510.000,121184.000,551799.000,236731.000,352599.000,465130.000,473268.000,510420.000,463340.000,919029.000,322593.000
ProfitLoss,-801740.000,,-872516.000,,-907797.000,-1047491.000,-925567.000,,-2194426.000,,,,,,,,,,,,
RepaymentsOfRelatedPartyDebt,0.000,,,,1321.000,,,,,,,,,,,,,,,,
ResearchAndDevelopmentExpense,502669.000,559432.000,663885.000,1116597.000,593199.000,640639.000,524534.000,745393.000,870464.000,791294.000,1071984.000,1310281.000,1210782.000,1356990.000,1862115.000,1671831.000,1462820.000,1792090.000,1994837.000,1587768.000,1841552.000
Revenues,15672.000,11707.000,27589.000,0.000,,,,,,,14785.000,,,,,,,,,,
SalesRevenueNet,15672.000,11707.000,27589.000,0.000,,,,,,,4145347.000,,,,,,,,,,
SellingAndMarketingExpense,,,,,,,,,,,,,,,,,,,,,148593.000
ShareBasedCompensation,,,,,84176.000,,,,45871.000,,,,296548.000,,,,152657.000,,,,584261.000
ShareBasedCompensationArrangementByShareBasedPaymentAwardOptionsForfeituresAndExpirationsInPeriod,,,,,,,,,,,,,,,,,5000.000,,,,
StockAndWarrantsIssuedDuringPeriodValuePreferredStockAndWarrants,,,,,,,,,,,,,,,,,,,,,9945.000
StockIssuedDuringPeriodSharesOther,,,,,235500.000,,,,,,,,,,,,,,,,
StockIssuedDuringPeriodValueOther,,,,,471000.000,,,,25900.000,,,,,,,,,,,,
WeightedAverageNumberOfDilutedSharesOutstanding,,,,,,,,,,13887997.000,,,,17945704.000,18042087.000,,,,,,
WeightedAverageNumberOfShareOutstandingBasicAndDiluted,,,,,,,,,,,,,16461816.000,,,,19289484.000,23412262.000,23524982.000,-43177639.000,26128934.000
WeightedAverageNumberOfSharesIssuedBasic,,,,,,,,,,13388050.000,13524998.000,,,,,,,,,,
WeightedAverageNumberOfSharesOutstandingBasic,,,,,,,,,,,,,,17945704.000,18042087.000,,,,,,
