,2011-03-31,2011-06-30,2011-09-30,2011-12-31,2012-03-31,2012-06-30,2012-09-30,2012-12-31,2013-03-31,2013-06-30,2013-09-30,2013-12-31,2014-03-31,2014-06-30,2014-09-30,2014-12-31,2015-03-31,2015-06-30,2015-09-30,2015-12-31,2016-03-31,2016-06-30,2016-09-30,2016-12-31,2017-03-31
AdjustmentsNoncashItemsToReconcileNetIncomeLossToCashProvidedByUsedInOperatingActivitiesOther,277000000.000,,,,,,,,,,,,,,,,,,,,,,,,
CapitalizedExploratoryWellCostChargedToExpense,,,,,,,,,,,,,,,,,95000000.000,,,,,,,,
CapitalizedExploratoryWellCostPeriodIncreaseDecrease,,,,,,,,,,,,,,,,,127000000.000,,,,,,,,
CashAndCashEquivalentsPeriodIncreaseDecrease,-911000000.000,,,,3007000000.000,,,,-3565000000.000,,,,-633000000.000,,,,-110000000.000,,,,-2460000000.000,,,,-5000000.000
CommonStockDividendsPerShareDeclared,0.720,0.780,0.780,,0.810,0.900,0.900,,0.900,1.000,1.000,,1.000,1.070,1.070,,1.070,1.070,1.070,,1.070,1.070,1.070,,1.080
ComprehensiveIncomeNetOfTax,6424000000.000,7868000000.000,7880000000.000,3167000000.000,6618000000.000,7353000000.000,5427000000.000,6434000000.000,6278000000.000,5556000000.000,5031000000.000,7348000000.000,4557000000.000,5702000000.000,5652000000.000,2050000000.000,2646000000.000,700000000.000,2139000000.000,-330000000.000,-584000000.000,-1352000000.000,1472000000.000,415000000.000,2799000000.000
ComprehensiveIncomeNetOfTaxAttributableToNoncontrollingInterest,28000000.000,28000000.000,28000000.000,29000000.000,28000000.000,22000000.000,55000000.000,52000000.000,61000000.000,39000000.000,46000000.000,28000000.000,9000000.000,25000000.000,34000000.000,1000000.000,33000000.000,37000000.000,20000000.000,33000000.000,18000000.000,7000000.000,18000000.000,23000000.000,17000000.000
ComprehensiveIncomeNetOfTaxIncludingPortionAttributableToNoncontrollingInterest,6452000000.000,7896000000.000,7908000000.000,3196000000.000,6646000000.000,7375000000.000,5482000000.000,6486000000.000,6339000000.000,5595000000.000,5077000000.000,7376000000.000,4566000000.000,5727000000.000,5686000000.000,2051000000.000,2679000000.000,737000000.000,2159000000.000,-297000000.000,-566000000.000,-1345000000.000,1490000000.000,438000000.000,2816000000.000
CostOfPurchasedOilAndGas,35201000000.000,40759000000.000,37600000000.000,36363000000.000,36053000000.000,36772000000.000,33982000000.000,33959000000.000,32910000000.000,34273000000.000,34822000000.000,32691000000.000,30823000000.000,33844000000.000,30741000000.000,24263000000.000,17193000000.000,20541000000.000,17447000000.000,14570000000.000,11225000000.000,15278000000.000,15842000000.000,16976000000.000,17506000000.000
CostsAndExpenses,49219000000.000,55741000000.000,51092000000.000,50020000000.000,48636000000.000,50253000000.000,48112000000.000,48576000000.000,46535000000.000,48780000000.000,49668000000.000,47960000000.000,45337000000.000,48911000000.000,45816000000.000,40704000000.000,31653000000.000,38994000000.000,31531000000.000,31457000000.000,25264000000.000,31352000000.000,29031000000.000,30985000000.000,30292000000.000
DeferredIncomeTaxesAndTaxCredits,73000000.000,,,,491000000.000,,,,127000000.000,,,,287000000.000,,,,-921000000.000,,,,-1089000000.000,,,,-563000000.000
DefinedBenefitPlanContributionsByEmployer,,,,,345000000.000,,,,238000000.000,,,,89000000.000,,,,85000000.000,,,,461000000.000,,,,170000000.000
DefinedBenefitPlanExpectedContributionsInCurrentFiscalYear,,,,,,,,,,,,,163000000.000,,,,148000000.000,,,,,,,,
DefinedBenefitPlanNetPeriodicBenefitCost,,,,,348000000.000,346000000.000,338000000.000,,343000000.000,353000000.000,342000000.000,,207000000.000,217000000.000,221000000.000,,278000000.000,289000000.000,310000000.000,,259000000.000,280000000.000,341000000.000,,270000000.000
DefinedBenefitPlansEstimatedFutureEmployerContributionsInNextFiscalYear,,,,,,,,,,,,,700000000.000,,,,600000000.000,,,,900000000.000,,,,450000000.000
DepreciationDepletionAndAmortization,3126000000.000,3257000000.000,3215000000.000,3313000000.000,3205000000.000,3284000000.000,3370000000.000,3554000000.000,3481000000.000,3412000000.000,3658000000.000,3635000000.000,4130000000.000,3842000000.000,3948000000.000,4873000000.000,4411000000.000,6958000000.000,4268000000.000,5400000000.000,4403000000.000,6721000000.000,4130000000.000,4203000000.000,4194000000.000
DerivativeInstrumentsNotDesignatedAsHedgingInstrumentsGainLossNet,-397000000.000,102000000.000,122000000.000,-69000000.000,-132000000.000,240000000.000,-203000000.000,28000000.000,-80000000.000,78000000.000,-120000000.000,-72000000.000,66000000.000,-79000000.000,67000000.000,450000000.000,-114000000.000,-48000000.000,234000000.000,232000000.000,-31000000.000,-159000000.000,-22000000.000,-88000000.000,
DividendsCommonStockCash,1436000000.000,,,,1590000000.000,,,,1736000000.000,,,,1896000000.000,,,,1997000000.000,,,,2001000000.000,,,,2030000000.000
EarningsPerShareBasic,3.110,3.880,3.940,2.610,3.300,3.680,2.710,3.730,3.200,2.800,2.580,2.600,2.380,3.000,2.970,1.860,1.380,0.300,1.090,-0.310,-0.390,-0.780,0.680,0.220,1.430
EarningsPerShareDiluted,3.090,3.850,3.920,2.580,3.270,3.660,2.690,3.700,3.180,2.770,2.570,2.570,2.360,2.980,2.950,1.850,1.370,0.300,1.090,-0.310,-0.390,-0.780,0.680,0.220,1.410
EffectOfExchangeRateOnCashAndCashEquivalents,47000000.000,,,,54000000.000,,,,-15000000.000,,,,-9000000.000,,,,17000000.000,,,,-3000000.000,,,,39000000.000
EffectiveIncomeTaxRateContinuingOperations,0.440,0.410,0.410,-0.827,0.460,0.410,0.470,-0.908,0.390,0.370,0.440,-0.801,0.430,0.370,0.370,-0.789,0.100,0.550,0.260,-0.883,0.590,0.290,-0.170,0.090,0.140
ExcessTaxBenefitFromShareBasedCompensationOperatingActivities,83000000.000,,,,26000000.000,,,,28000000.000,,,,6000000.000,,,,4000000.000,,,,2000000.000,,,,
ExciseAndSalesTaxes,2134000000.000,2264000000.000,1974000000.000,1713000000.000,1787000000.000,1929000000.000,2163000000.000,2131000000.000,2033000000.000,2108000000.000,2223000000.000,2128000000.000,1946000000.000,2120000000.000,2116000000.000,2004000000.000,1877000000.000,1965000000.000,1800000000.000,1717000000.000,1652000000.000,1784000000.000,1772000000.000,1697000000.000,1677000000.000
ExplorationExpense,168000000.000,422000000.000,240000000.000,386000000.000,403000000.000,493000000.000,475000000.000,357000000.000,247000000.000,329000000.000,559000000.000,726000000.000,415000000.000,694000000.000,366000000.000,510000000.000,592000000.000,1075000000.000,315000000.000,1358000000.000,370000000.000,214000000.000,258000000.000,191000000.000,144000000.000
ForeignCurrencyTransactionGainLossUnrealized,-57000000.000,,,,-142000000.000,,,,109000000.000,,,,-14000000.000,,,,87000000.000,,,,-212000000.000,,,,-131000000.000
GainLossOnSaleOfPropertyPlantEquipment,141000000.000,,,,122000000.000,,,,27000000.000,,,,269000000.000,,,,638000000.000,,,,27000000.000,,,,764000000.000
ImpairmentOfInvestments,2000000.000,,,,,,,,,,,,,,,,,,,,,,,,
IncomeLossFromContinuingOperationsBeforeIncomeTaxesMinorityInterestAndIncomeLossFromEquityMethodInvestments,11122000000.000,13207000000.000,13340000000.000,9965000000.000,12069000000.000,12355000000.000,9932000000.000,11976000000.000,10283000000.000,8589000000.000,8835000000.000,8198000000.000,7928000000.000,9027000000.000,8863000000.000,5384000000.000,2905000000.000,1363000000.000,2784000000.000,-2210000000.000,-1711000000.000,-2070000000.000,1109000000.000,512000000.000,3129000000.000
IncomeLossFromEquityMethodInvestments,,,,,1709000000.000,2091000000.000,1274000000.000,1815000000.000,2284000000.000,1784000000.000,1635000000.000,1824000000.000,1922000000.000,1709000000.000,1912000000.000,1555000000.000,1401000000.000,1169000000.000,1195000000.000,919000000.000,576000000.000,752000000.000,555000000.000,778000000.000,1150000000.000
IncomeLossFromEquityMethodInvestmentsNetOfDividendsOrDistributions,-201000000.000,,,,178000000.000,,,,578000000.000,,,,457000000.000,,,,1208000000.000,,,,219000000.000,,,,652000000.000
IncomeTaxExpenseBenefit,4883000000.000,5447000000.000,5483000000.000,4813000000.000,5570000000.000,5123000000.000,4624000000.000,4679000000.000,4044000000.000,3185000000.000,3839000000.000,3240000000.000,3407000000.000,3337000000.000,3236000000.000,1912000000.000,305000000.000,755000000.000,727000000.000,-1655000000.000,-1004000000.000,-607000000.000,-192000000.000,74000000.000,430000000.000
IncomeTaxesPaid,3017000000.000,,,,4140000000.000,,,,3434000000.000,,,,2416000000.000,,,,953000000.000,,,,453000000.000,,,,494000000.000
IncreaseDecreaseInAccountsAndNotesReceivable,1217000000.000,,,,153000000.000,,,,994000000.000,,,,-1373000000.000,,,,-1207000000.000,,,,-468000000.000,,,,-317000000.000
IncreaseDecreaseInAccountsPayableAndAccruedLiabilities,1119000000.000,,,,-1027000000.000,,,,-1759000000.000,,,,140000000.000,,,,-3010000000.000,,,,-1039000000.000,,,,-1178000000.000
IncreaseDecreaseInAccruedIncomeTaxesPayable,1272000000.000,,,,351000000.000,,,,350000000.000,,,,103000000.000,,,,518000000.000,,,,-5000000.000,,,,245000000.000
IncreaseDecreaseInDeferredCharges,-34000000.000,,,,-83000000.000,,,,111000000.000,,,,13000000.000,,,,-27000000.000,,,,-3000000.000,,,,32000000.000
IncreaseDecreaseInInventories,766000000.000,,,,1847000000.000,,,,520000000.000,,,,1098000000.000,,,,332000000.000,,,,176000000.000,,,,550000000.000
IncreaseDecreaseInLongTermReceivablesCurrent,-7000000.000,,,,15000000.000,,,,66000000.000,,,,32000000.000,,,,23000000.000,,,,68000000.000,,,,-20000000.000
IncreaseDecreaseInOperatingCapital,-110000000.000,,,,2795000000.000,,,,3360000000.000,,,,-382000000.000,,,,1985000000.000,,,,993000000.000,,,,957000000.000
IncreaseDecreaseInPrepaidDeferredExpenseAndOtherAssets,298000000.000,,,,119000000.000,,,,437000000.000,,,,136000000.000,,,,368000000.000,,,,241000000.000,,,,-209000000.000
IncreaseDecreaseInTimeDeposits,,,,,,,,,,,,,,,,,,,,,0.000,,,,0.000
InterestExpenseDebt,,,,,,,,,,,,,,,,,,,,,,79000000.000,64000000.000,,51000000.000
InterestPaidNet,49000000.000,,,,36000000.000,,,,0.000,,,,,,,,,,,,,,,,0.000
MinorityInterestDecreaseFromDistributionsToNoncontrollingInterestHolders,13000000.000,,,,8000000.000,,,,10000000.000,,,,0.000,,,,,,,,,,,,0.000
NetCashProvidedByUsedInFinancingActivities,-2425000000.000,,,,-3461000000.000,,,,-805000000.000,,,,-461000000.000,,,,4160000000.000,,,,1911000000.000,,,,-2684000000.000
NetCashProvidedByUsedInFinancingActivitiesContinuingOperations,-2425000000.000,,,,-3461000000.000,,,,-805000000.000,,,,-461000000.000,,,,4160000000.000,,,,1911000000.000,,,,-2684000000.000
NetCashProvidedByUsedInInvestingActivities,-8347000000.000,,,,-1973000000.000,,,,-8459000000.000,,,,-8580000000.000,,,,-6606000000.000,,,,-5509000000.000,,,,-1239000000.000
NetCashProvidedByUsedInInvestingActivitiesContinuingOperations,-8347000000.000,,,,-1973000000.000,,,,-8459000000.000,,,,-8580000000.000,,,,-6606000000.000,,,,-5509000000.000,,,,-1239000000.000
NetCashProvidedByUsedInOperatingActivities,9814000000.000,,,,8387000000.000,,,,5714000000.000,,,,8417000000.000,,,,2319000000.000,,,,1141000000.000,,,,3879000000.000
NetCashProvidedByUsedInOperatingActivitiesContinuingOperations,9814000000.000,,,,8387000000.000,,,,5714000000.000,,,,8417000000.000,,,,2319000000.000,,,,1141000000.000,,,,3879000000.000
NetIncomeLoss,6211000000.000,7732000000.000,7829000000.000,5123000000.000,6471000000.000,7210000000.000,5253000000.000,7245000000.000,6178000000.000,5365000000.000,4950000000.000,4930000000.000,4512000000.000,5665000000.000,5593000000.000,3471000000.000,2567000000.000,571000000.000,2037000000.000,-588000000.000,-725000000.000,-1470000000.000,1283000000.000,415000000.000,2682000000.000
NetIncomeLossAttributableToNoncontrollingInterest,28000000.000,28000000.000,28000000.000,29000000.000,28000000.000,22000000.000,55000000.000,52000000.000,61000000.000,39000000.000,46000000.000,28000000.000,9000000.000,25000000.000,34000000.000,1000000.000,33000000.000,37000000.000,20000000.000,33000000.000,18000000.000,7000000.000,18000000.000,23000000.000,17000000.000
OilAndGasRevenue,58412000000.000,66671000000.000,61261000000.000,58027000000.000,58896000000.000,59780000000.000,55660000000.000,56254000000.000,54296000000.000,55307000000.000,56603000000.000,53950000000.000,50978000000.000,55583000000.000,51822000000.000,42111000000.000,32315000000.000,36829000000.000,32767000000.000,28014000000.000,23070000000.000,27844000000.000,29159000000.000,30142000000.000,31524000000.000
OperatingCostsAndExpenses,5063000000.000,5260000000.000,5378000000.000,5948000000.000,5183000000.000,5420000000.000,5694000000.000,6273000000.000,5762000000.000,6278000000.000,6066000000.000,6521000000.000,6023000000.000,6287000000.000,6403000000.000,6572000000.000,5395000000.000,6077000000.000,5592000000.000,5970000000.000,5404000000.000,5054000000.000,4666000000.000,5144000000.000,4656000000.000
OtherComprehensiveIncomeAmortizationOfDefinedBenefitPlanNetPriorServiceCostCreditRecognizedInNetPeriodicBenefitCostBeforeTax,13000000.000,-5000000.000,-17000000.000,-17000000.000,-14000000.000,-16000000.000,-15000000.000,,,,,,,,,,,,,,,,,,
OtherComprehensiveIncomeAmortizationOfDefinedBenefitPlanNetPriorServiceCostRecognizedInNetPeriodicPensionCostNetOfTax,210000000.000,176000000.000,169000000.000,218000000.000,273000000.000,,,,,,,,,,,,,,,,,,,,
OtherComprehensiveIncomeDefinedBenefitPlansAdjustmentNetOfTaxPeriodIncreaseDecrease,189000000.000,122000000.000,112000000.000,-2004000000.000,122000000.000,164000000.000,144000000.000,,,,,,,,,,,,,,,,,,
OtherComprehensiveIncomeDefinedBenefitPlansTax,-97000000.000,-63000000.000,65000000.000,-935000000.000,105000000.000,60000000.000,87000000.000,,,,,,,,,,,,,,,,,,
OtherComprehensiveIncomeDerivativesQualifyingAsHedgesBeforeTaxPeriodIncreaseDecrease,-11000000.000,11000000.000,-4000000.000,24000000.000,10000000.000,-7000000.000,23000000.000,,,,,,,,,,,,,,,,,,
OtherComprehensiveIncomeDerivativesQualifyingAsHedgesNetOfTaxPeriodIncreaseDecrease,-8000000.000,6000000.000,-4000000.000,25000000.000,10000000.000,-7000000.000,12000000.000,,,,,,,,,,,,,,,,,,
OtherComprehensiveIncomeForeignCurrencyTransactionAndTranslationAdjustmentNetOfTaxPeriodIncreaseDecrease,33000000.000,18000000.000,-58000000.000,24000000.000,14000000.000,-12000000.000,10000000.000,,,,,,,,,,,,,,,,,,
OtherComprehensiveIncomeLossAmortizationAdjustmentFromAOCIPensionAndOtherPostretirementBenefitPlansForNetPriorServiceCostCreditBeforeTax,,,,,,,,,,-7000000.000,-6000000.000,,6000000.000,7000000.000,6000000.000,7000000.000,6000000.000,8000000.000,5000000.000,11000000.000,5000000.000,8000000.000,2000000.000,4000000.000,-5000000.000
OtherComprehensiveIncomeLossAmortizationAdjustmentFromAOCIPensionAndOtherPostretirementBenefitPlansForNetPriorServiceCostCreditNetOfTax,,,,,,,,,,232000000.000,226000000.000,,111000000.000,114000000.000,125000000.000,407000000.000,170000000.000,174000000.000,204000000.000,246000000.000,181000000.000,198000000.000,265000000.000,274000000.000,171000000.000
OtherComprehensiveIncomeLossAmortizationPensionAndOtherPostretirementBenefitPlansNetPriorServiceCostRecognizedInNetPeriodicBenefitCostBeforeTax,,,,,,,,,7000000.000,,,,,,,,,,,,,,,,
OtherComprehensiveIncomeLossAmortizationPensionAndOtherPostretirementBenefitPlansNetPriorServiceCostRecognizedInNetPeriodicPensionCostNetOfTax,,,,,,,,,-227000000.000,,,,,,,,,,,,,,,,
OtherComprehensiveIncomeLossBeforeReclassificationsNetOfTax,,,,,,,,,,,,,-25000000.000,,,,-31000000.000,,,,27000000.000,,,,11000000.000
OtherComprehensiveIncomeLossDerivativesQualifyingAsHedgesBeforeTax,,,,,,,,,0.000,2000000.000,-109000000.000,-4000000.000,-3000000.000,-79000000.000,0.000,16000000.000,0.000,0.000,0.000,0.000,,,,,
OtherComprehensiveIncomeLossDerivativesQualifyingAsHedgesNetOfTax,,,,,,,,,-3000000.000,4000000.000,-71000000.000,-3000000.000,-3000000.000,-51000000.000,0.000,0.000,0.000,0.000,0.000,0.000,,,,,
OtherComprehensiveIncomeLossForeignCurrencyTransactionAndTranslationAdjustmentNetOfTax,,,,,,,,,-11000000.000,42000000.000,14000000.000,-3000000.000,-38000000.000,8000000.000,-19000000.000,-24000000.000,-25000000.000,6000000.000,-16000000.000,-9000000.000,9000000.000,-7000000.000,7000000.000,-31000000.000,14000000.000
OtherComprehensiveIncomeLossNetOfTax,,,,,,,,,100000000.000,191000000.000,81000000.000,2418000000.000,45000000.000,37000000.000,59000000.000,-1421000000.000,79000000.000,129000000.000,102000000.000,258000000.000,141000000.000,118000000.000,189000000.000,0.000,117000000.000
OtherComprehensiveIncomeLossNetOfTaxPeriodIncreaseDecrease,213000000.000,136000000.000,51000000.000,-1956000000.000,147000000.000,143000000.000,174000000.000,,,,,,,,,,,,,,,,,,
OtherComprehensiveIncomeLossPensionAndOtherPostretirementBenefitPlansAdjustmentNetOfTax,,,,,,,,,-115000000.000,-151000000.000,-137000000.000,-2425000000.000,-82000000.000,-76000000.000,-82000000.000,1391000000.000,-102000000.000,-131000000.000,-136000000.000,-264000000.000,-123000000.000,-124000000.000,-161000000.000,-35000000.000,-108000000.000
OtherComprehensiveIncomeLossPensionAndOtherPostretirementBenefitPlansTax,,,,,,,,,-85000000.000,-85000000.000,-94000000.000,-1350000000.000,-41000000.000,-51000000.000,-55000000.000,1048000000.000,-79000000.000,-73000000.000,-80000000.000,-104000000.000,-72000000.000,-73000000.000,-102000000.000,-258000000.000,-50000000.000
OtherComprehensiveIncomeLossReclassificationAdjustmentFromAOCIOnDerivativesBeforeTax,,,,,,,,,,-5000000.000,1000000.000,,1000000.000,0.000,0.000,16000000.000,0.000,0.000,0.000,0.000,,,,,
OtherComprehensiveIncomeLossReclassificationAdjustmentFromAOCIPensionAndOtherPostretirementBenefitPlansForNetGainLossNetOfTax,,,,,,,,,,0.000,0.000,,,,,,8000000.000,-8000000.000,,,0.000,14000000.000,9000000.000,292000000.000,14000000.000
OtherComprehensiveIncomeLossReclassificationAdjustmentOnDerivativesIncludedInNetIncomeBeforeTax,,,,,,,,,-5000000.000,,,,,,,,,,,,,,,,
OtherComprehensiveIncomeLossTax,4000000.000,-3000000.000,-2000000.000,11000000.000,6000000.000,-4000000.000,5000000.000,-4000000.000,-2000000.000,3000000.000,-39000000.000,-1000000.000,-1000000.000,-28000000.000,0.000,0.000,0.000,0.000,0.000,0.000,,,,,
OtherComprehensiveIncomeReclassificationAdjustmentOnDerivativesIncludedInNetIncomeBeforeTax,1000000.000,2000000.000,2000000.000,-14000000.000,-6000000.000,4000000.000,6000000.000,,,,,,,,,,,,,,,,,,
OtherComprehensiveIncomeReclassificationOfDefinedBenefitPlansNetGainLossRecognizedInNetPeriodicBenefitCostBeforeTax,,,,,,233000000.000,227000000.000,,,,,,,,,,,,,,,,,,
OtherComprehensiveIncomeReclassificationOfDefinedBenefitPlansNetGainLossRecognizedInNetPeriodicBenefitCostNetOfTax,51000000.000,4000000.000,16000000.000,-3321000000.000,-43000000.000,,10000000.000,,0.000,,,,,,,,,,,,,,,,
OtherComprehensiveIncomeUnrealizedHoldingGainLossOnSecuritiesArisingDuringPeriodNetOfTax,-1000000.000,-10000000.000,1000000.000,-1000000.000,1000000.000,-2000000.000,8000000.000,-6000000.000,-1000000.000,-6000000.000,1000000.000,-1000000.000,4000000.000,4000000.000,-4000000.000,-6000000.000,2000000.000,-8000000.000,-18000000.000,3000000.000,9000000.000,1000000.000,21000000.000,-4000000.000,-5000000.000
OtherNoncashExpense,2000000.000,,,,242000000.000,,,,12000000.000,,,,140000000.000,,,,348000000.000,,,,262000000.000,,,,7000000.000
OtherNoncashIncomeExpense,,,,,-1180000000.000,,,,-344000000.000,,,,197000000.000,,,,120000000.000,,,,175000000.000,,,,34000000.000
OtherNonoperatingIncome,242000000.000,395000000.000,944000000.000,391000000.000,100000000.000,737000000.000,1110000000.000,2483000000.000,238000000.000,278000000.000,265000000.000,384000000.000,365000000.000,646000000.000,945000000.000,2422000000.000,842000000.000,2359000000.000,353000000.000,314000000.000,-93000000.000,,,,
OtherNonoperatingIncomeExpense,,,,,,,,,,,,,,,,,,,,,,686000000.000,426000000.000,,747000000.000
OtherPostretirementBenefitsPayments,49000000.000,,,,51000000.000,,,,51000000.000,,,,52000000.000,,,,50000000.000,,,,48000000.000,,,,35000000.000
PaymentsForProceedsFromShortTermInvestments,,,,,,,,,,,,,20000000.000,,,,-80000000.000,,,,-67000000.000,,,,7000000.000
PaymentsForRepurchaseOfCommonStock,756000000.000,,,,1300000000.000,,,,1300000000.000,,,,1300000000.000,,,,1000000.000,,,,1000000.000,,,,1000000.000
PaymentsForRestructuring,,,,,,,,,,,,,,,,,,,,,98000000.000,,,,
PaymentsOfDividendsCommonStock,1436000000.000,,,,1590000000.000,,,,1735000000.000,,,,1895000000.000,,,,1997000000.000,,,,2000000000.000,,,,2029000000.000
PaymentsOfDividendsMinorityInterest,13000000.000,,,,8000000.000,,,,10000000.000,,,,0.000,,,,,,,,,,,,0.000
PaymentsToAcquireBusinessesNetOfCashAcquired,3014000000.000,,,,,,,,,,,,,,,,,,,,,,,,
PaymentsToAcquireEquipmentOnLease,1000000.000,,,,,,,,2000000.000,,,,0.000,,,,7000000.000,,,,4000000.000,,,,1000000.000
PaymentsToAcquireInterestInSubsidiariesAndAffiliates,217000000.000,,,,192000000.000,,,,262000000.000,,,,87000000.000,,,,112000000.000,,,,115000000.000,,,,3000000.000
PaymentsToAcquireMarketableSecurities,0.000,,,,,,,,0.000,,,,,,,,,,,,6000000.000,,,,0.000
PaymentsToAcquireOilAndGasPropertyAndEquipment,4471000000.000,,,,5511000000.000,,,,7935000000.000,,,,8397000000.000,,,,7343000000.000,,,,5285000000.000,,,,3305000000.000
PaymentsToAcquireOtherProductiveAssets,45000000.000,,,,-13000000.000,,,,-17000000.000,,,,-15000000.000,,,,0.000,,,,,,,,
PaymentsToAcquireProductiveAssets,4645000000.000,,,,5895000000.000,,,,8192000000.000,,,,8544000000.000,,,,7602000000.000,,,,5566000000.000,,,,3315000000.000
PaymentsToAcquireShortTermInvestments,,,,,,,,,,,,,,,,,,,,,13000000.000,,,,9000000.000
PaymentsToExploreAndDevelopOilAndGasProperties,166000000.000,,,,161000000.000,,,,235000000.000,,,,275000000.000,,,,244000000.000,,,,108000000.000,,,,137000000.000
PaymentsToFundLongtermLoansToRelatedParties,,,,,,,,,,,,,,,,,,,,,-4000000.000,,,,70000000.000
PensionContributions,171000000.000,,,,345000000.000,,,,238000000.000,,,,89000000.000,,,,85000000.000,,,,461000000.000,,,,170000000.000
ProceedsFromCollectionOfLongtermLoansToRelatedParties,,,,,,,,,1000000.000,,,,,,,,,,,,-96000000.000,,,,64000000.000
ProceedsFromIssuanceOfLongTermDebt,,,,,,,,,,,,,,,,,5993000000.000,,,,0.000,,,,3994000000.000
ProceedsFromPaymentsForLongTermLoansForRelatedParties,,,,,,,,,,,,,-32000000.000,,,,-40000000.000,,,,-92000000.000,,,,-6000000.000
ProceedsFromRepaymentsOfShortTermDebt,151000000.000,,,,-852000000.000,,,,2069000000.000,,,,2636000000.000,,,,117000000.000,,,,3802000000.000,,,,-3928000000.000
ProceedsFromRepaymentsOfShortTermDebtMaturingInThreeMonthsOrLess,,,,,,,,,,,,,,,,,,,,,4123000000.000,,,,-4391000000.000
ProceedsFromRepurchaseOfEquity,-58000000.000,,,,-996000000.000,,,,-1027000000.000,,,,-1190000000.000,,,,55000000.000,,,,123000000.000,,,,245000000.000
ProceedsFromSaleAndMaturityOfMarketableSecurities,134000000.000,,,,183000000.000,,,,0.000,,,,,,,,,,,,0.000,,,,2000000.000
ProceedsFromSaleOfProductiveAssets,284000000.000,,,,428000000.000,,,,76000000.000,,,,316000000.000,,,,948000000.000,,,,82000000.000,,,,2087000000.000
ProceedsFromSaleOfShortTermInvestments,22000000.000,,,,11000000.000,,,,356000000.000,,,,,,,,,,,,80000000.000,,,,2000000.000
ProceedsFromShortTermDebt,,,,,,,,,,,,,,,,,,,,,2831000000.000,,,,3415000000.000
ProfitLoss,6239000000.000,7760000000.000,7857000000.000,5152000000.000,6499000000.000,7232000000.000,5308000000.000,7297000000.000,6239000000.000,5404000000.000,4996000000.000,4958000000.000,4521000000.000,5690000000.000,5627000000.000,3472000000.000,2600000000.000,608000000.000,2057000000.000,-555000000.000,-707000000.000,-1463000000.000,1301000000.000,438000000.000,2699000000.000
ReclassificationFromAccumulatedOtherComprehensiveIncomeCurrentPeriodNetOfTax,,,,,,,,,,,,,-70000000.000,,,,-110000000.000,,,,-114000000.000,,,,-106000000.000
RepaymentsOfLongTermDebtAndCapitalSecurities,1069000000.000,,,,15000000.000,,,,102000000.000,,,,12000000.000,,,,8000000.000,,,,14000000.000,,,,966000000.000
RepaymentsOfShortTermDebt,,,,,,,,,,,,,,,,,,,,,3152000000.000,,,,2952000000.000
RestructuringCharges,,,,,,,,,,,,,,,,,,264000000.000,38000000.000,,,,,,
RestructuringReserveAccrualAdjustment,,,,,,,,,,,,,,,,,,,,,96000000.000,,,,
RestructuringReserveSettledWithCash,40000000.000,51000000.000,,,,,,,,,,,,,,,,,,,,,,,
ResultsOfOperationsDryHoleCosts,,,,,-205000000.000,,,,-12000000.000,,,,-75000000.000,,,,147000000.000,,,,166000000.000,,,,7000000.000
RevenueFromRelatedParties,1687000000.000,1882000000.000,2227000000.000,,,,,,,,,,,,,,,,,,,,,,
Revenues,60341000000.000,68948000000.000,64432000000.000,59985000000.000,60705000000.000,62608000000.000,58044000000.000,60552000000.000,56818000000.000,57369000000.000,58503000000.000,56158000000.000,53265000000.000,57938000000.000,54679000000.000,46088000000.000,34558000000.000,40357000000.000,34315000000.000,29247000000.000,23553000000.000,29282000000.000,30140000000.000,31497000000.000,33421000000.000
SalesRevenueNet,60341000000.000,68948000000.000,64432000000.000,59985000000.000,60705000000.000,62608000000.000,58044000000.000,60552000000.000,56818000000.000,57369000000.000,58503000000.000,56158000000.000,53265000000.000,57938000000.000,54679000000.000,46088000000.000,34558000000.000,40357000000.000,34315000000.000,29247000000.000,23553000000.000,29282000000.000,30140000000.000,31497000000.000,33421000000.000
SellingGeneralAndAdministrativeExpense,1100000000.000,1200000000.000,1115000000.000,1330000000.000,940000000.000,1250000000.000,1352000000.000,1182000000.000,998000000.000,1139000000.000,1197000000.000,1176000000.000,927000000.000,1077000000.000,1122000000.000,1368000000.000,944000000.000,1170000000.000,1026000000.000,1303000000.000,998000000.000,1033000000.000,1109000000.000,1544000000.000,870000000.000
StockRepurchasedDuringPeriodShares,,,,,,,,,10800000.000,,,,10800000.000,,,,,0.000,0.000,,0.000,,,,0.000
StockRepurchasedDuringPeriodValue,,,,,,,,,1250000000.000,,,,1250000000.000,,,,,,,,,,,,
StockholdersEquityOther,,,,,260000000.000,,,,-202000000.000,,,,51000000.000,,,,-145000000.000,,,,-155000000.000,,,,-168000000.000
TaxesOther,,,,,,,,,,,,,,,,,,,,,,,2962000000.000,,2871000000.000
TreasuryStockSharesAcquired,7600000.000,,,,11600000.000,,,,,,,,,,,,,,,,,,,,
TreasuryStockValueAcquiredCostMethod,750000000.000,,,,1250000000.000,,,,,,,,,,,,,,,,,,,,
WeightedAverageNumberOfDilutedSharesOutstanding,2008584000.000,2008995000.000,1998673000.000,-4015252000.000,1978781000.000,1967990000.000,1960141000.000,-3941912000.000,1943931000.000,1936783000.000,1929831000.000,-3878545000.000,1909424000.000,1902321000.000,1896492000.000,-3810237000.000,1876498000.000,1876705000.000,1872420000.000,-3750623000.000,1869775000.000,1871995000.000,1883342000.000,-3752112000.000,1895393000.000
WeightedAverageNumberOfSharesOutstandingBasic,1994735000.000,1994007000.000,1984643000.000,-3987385000.000,1963862000.000,1954147000.000,1945840000.000,-3913849000.000,1929014000.000,1921391000.000,1914047000.000,-3847452000.000,1895032000.000,1887543000.000,1880915000.000,-3779490000.000,1866655000.000,1867561000.000,1868444000.000,-3734660000.000,1869775000.000,1871995000.000,1873649000.000,-3742419000.000,1879372000.000
