,2011-03-31,2011-06-30,2011-09-30,2011-12-31,2012-03-31,2012-06-30,2012-09-30,2012-12-31,2013-03-31,2013-06-30,2013-09-30,2013-12-31,2014-03-31,2014-06-30,2014-09-30,2014-12-31,2015-03-31,2015-06-30,2015-09-30,2015-12-31,2016-03-31,2016-06-30,2016-09-30,2016-12-31,2017-03-31
AdjustmentToAdditionalPaidInCapitalIncomeTaxEffectFromShareBasedCompensationNet,,,,,,,,,,,,,,,,,5300000.000,-200000.000,,,-4200000.000,,,,
AdjustmentsToAdditionalPaidInCapitalSharebasedCompensationRequisiteServicePeriodRecognitionValue,,,,,3892000.000,,,,1829000.000,,,,38207000.000,,,,32794000.000,,,,6933000.000,,,,9983000.000
AmortizationOfIntangibleAssets,,,,,,,,,13500000.000,20000000.000,20900000.000,20400000.000,16700000.000,16700000.000,16300000.000,16500000.000,16300000.000,16200000.000,15800000.000,15600000.000,15800000.000,15600000.000,15800000.000,16200000.000,13700000.000
AvailableForSaleSecuritiesGrossUnrealizedGains,,,,,,,,,,,,,,,,,40198000.000,,,,,,,,
AvailableForSaleSecuritiesGrossUnrealizedLoss,,,,,,,,,,,,,,,,,867000.000,,,,,,,,
BrokerageCommissionsRevenue,,,,,,,,,,146848000.000,138736000.000,,162063000.000,167378000.000,159085000.000,180275000.000,166922000.000,173508000.000,172284000.000,146288000.000,155824000.000,146157000.000,152044000.000,157549000.000,145822000.000
CashAcquiredFromAcquisition,,,,,,,,,3017958000.000,,,,,,,,,,,,,,,,
CashAndCashEquivalentsPeriodIncreaseDecrease,-127408000.000,,,,36801000.000,,,,2994461000.000,,,,-317068000.000,,,,-752251000.000,,,,-1034582000.000,,,,453869000.000
CashDivestedFromDeconsolidation,,,,,,,,,21042000.000,,,,,,,,,,,,,,,,
CashFlowsBetweenTransfereeAndTransferorProceedsFromNewTransfers,,,,,,,,,,11100000.000,13000000.000,,8500000.000,20400000.000,15200000.000,2200000.000,2400000.000,12200000.000,10700000.000,5900000.000,9600000.000,13100000.000,6300000.000,-800000.000,8700000.000
CasinoExpenses,21469000.000,22353000.000,21184000.000,19789000.000,22390000.000,22647000.000,22080000.000,21010000.000,,,,,,,,,,,,,,,,,
CasinoRevenue,30776000.000,30513000.000,28611000.000,27317000.000,32069000.000,29640000.000,30255000.000,27366000.000,,,,,,,,,,,,,,,,,
CommonStockDividendsPerShareCashPaid,,,,,,,,,0.062,,,,0.062,,,,0.062,,,,0.062,,,,0.062
ComprehensiveIncomeNetOfTax,,,,,250035000.000,-327109000.000,83658000.000,640590000.000,106844000.000,-13308000.000,49173000.000,59452000.000,114326000.000,68319000.000,26637000.000,-95944000.000,360795000.000,14352000.000,-182382000.000,78533000.000,-267669000.000,76557000.000,101767000.000,87187000.000,286348000.000
ComprehensiveIncomeNetOfTaxAttributableToNoncontrollingInterest,,,,,202000.000,-297000.000,-972000.000,-993000.000,-622000.000,-729000.000,253000.000,-64000.000,2537000.000,-912000.000,-1058000.000,-1294000.000,-234000.000,-356000.000,-1238000.000,-3168000.000,-1052000.000,-760000.000,-1870000.000,2256000.000,-523000.000
ComprehensiveIncomeNetOfTaxIncludingPortionAttributableToNoncontrollingInterest,-54272000.000,,,,246393000.000,-317626000.000,91318000.000,637264000.000,102030000.000,-7384000.000,60585000.000,39883000.000,111947000.000,69695000.000,32220000.000,-105805000.000,354465000.000,12980000.000,-189392000.000,65769000.000,-263391000.000,89880000.000,123615000.000,116121000.000,298863000.000
ConsolidationLessThanWhollyOwnedSubsidiaryParentOwnershipInterestChangesNet,,,,,,,,,,,,,,,,,,,,,,,,,0.000
ContributionsFromNoncontrollingInterests,,,,,,,,,-891000.000,,,,-8604000.000,,,,,,,,,,,,
ConvertiblePreferredDividendsNetOfTax,,,,,,,,,339000.000,,,,1016000.000,,,,1016000.000,0.000,0.000,-1016000.000,0.000,0.000,1016000.000,-1016000.000,1016000.000
CostOfGoodsSold,54253000.000,57952000.000,55899000.000,47859000.000,,,,,1830463000.000,1921651000.000,1902163000.000,1913430000.000,1945675000.000,2041331000.000,2001779000.000,2035501000.000,1922223000.000,2050367000.000,1937288000.000,1767355000.000,1648052000.000,1776370000.000,1689093000.000,1737292000.000,1533094000.000
CostOfServicesOilAndGas,,23364000.000,26381000.000,,29183000.000,26493000.000,,,,,,,,,,,,,,,,,,,
CostsAndExpenses,204504000.000,234249000.000,217228000.000,233799000.000,2065843000.000,2070053000.000,2045359000.000,2045914000.000,2008786000.000,2659702000.000,2562559000.000,2845442000.000,2823569000.000,2780776000.000,2914401000.000,2725044000.000,2638027000.000,2868807000.000,2662524000.000,2470845000.000,2337121000.000,2537786000.000,2462969000.000,2562909000.000,2341311000.000
CurrentForeignTaxExpenseBenefit,2702000.000,5039000.000,4344000.000,,4977000.000,6101000.000,1096000.000,,,,,,,,,,,,,,,,,,
DeferredIncomeTaxExpenseBenefit,18072000.000,,,,263133000.000,,,,39704000.000,,,,39754000.000,,,,214612000.000,,,,-81521000.000,,,,99357000.000
DeferredStateAndLocalIncomeTaxExpenseBenefit,,,,,,,,,12300000.000,,,,,,,,,,,,,,,,
DefinedBenefitPlanActuarialGainLoss,,,,,,,,,-1866000.000,-1909000.000,-1911000.000,,,,,,,,,,,,,,
DefinedBenefitPlanActuarialNetGainsLosses,250000.000,241000.000,241000.000,1927000.000,1463000.000,1463000.000,1463000.000,1463000.000,,,,,,,,,,,,,,,,,
DefinedBenefitPlanAmortizationOfGainsLosses,,,,,,,,,,,,,-1208000.000,-1209000.000,-1207000.000,,-1912000.000,-1907000.000,-1911000.000,,-578000.000,-539000.000,-560000.000,,
DefinedBenefitPlanContributionsByEmployer,1990000.000,,,,745000.000,,,,800000.000,,,,0.000,,,,0.000,,,,0.000,,,,
DefinedBenefitPlanExpectedReturnOnPlanAssets,1411000.000,1397000.000,1641000.000,1642000.000,2073000.000,2073000.000,2073000.000,2073000.000,1926000.000,2606000.000,2606000.000,,2536000.000,2537000.000,2536000.000,,2690000.000,2691000.000,2690000.000,,1916000.000,1881000.000,1897000.000,,
DefinedBenefitPlanInterestCost,2831000.000,2800000.000,2800000.000,2802000.000,2721000.000,2722000.000,2722000.000,2721000.000,2611000.000,3382000.000,3389000.000,,3774000.000,3774000.000,3769000.000,,3476000.000,3468000.000,3472000.000,,2259000.000,2257000.000,2258000.000,,
DefinedBenefitPlanNetPeriodicBenefitCost,,,,,,,,,,,,,2457000.000,2457000.000,2451000.000,,2698000.000,2684000.000,2693000.000,,921000.000,915000.000,921000.000,,
DefinedBenefitPlanServiceCost,,,,,,,,,,72000.000,72000.000,,11000.000,11000.000,11000.000,,,0.000,0.000,,,,,,
DefinedBenefitPlansEstimatedFutureEmployerContributionsInCurrentFiscalYear,,,,,,,,,,,,,,,,,,,,,18900000.000,,,,
DepreciationAndAmortization,17762000.000,18579000.000,18668000.000,20471000.000,39496000.000,40855000.000,30372000.000,19400000.000,29796000.000,48201000.000,49280000.000,40148000.000,41487000.000,44643000.000,46464000.000,53399000.000,52440000.000,55240000.000,58466000.000,57987000.000,49610000.000,50769000.000,52691000.000,58523000.000,49510000.000
DepreciationDepletionAndAmortization,,21235000.000,21968000.000,,42278000.000,43616000.000,,,,,,,,,,,,,,,,,,,
DiscontinuedOperationGainLossFromDisposalOfDiscontinuedOperationBeforeIncomeTax,79000.000,,,,,,,,-500000.000,,,,,,,,,,,,,,,,
DiscontinuedOperationGainLossOnDisposalOfDiscontinuedOperationNetOfTax,-79000.000,-845000.000,773000.000,6436000.000,,,-4626000.000,,-325000.000,385000.000,4160000.000,8895000.000,,500000.000,7685000.000,,,0.000,1300000.000,,,,0.000,,
DiscontinuedOperationGainLossOnDisposalOfDiscontinuedOperationNetOfTaxPerBasicShare,,,,,,,,,,,,,,0.000,0.020,,,0.000,0.000,,,,0.000,,
DiscontinuedOperationGainLossOnDisposalOfDiscontinuedOperationNetOfTaxPerDilutedShare,,,,,,,,,,,,,,0.000,0.020,,,0.000,0.000,,,,0.000,,
DiscontinuedOperationIncomeLossFromDiscontinuedOperationDuringPhaseOutPeriodNetOfTax,,,,,,,2015000.000,,-156000.000,-92000.000,,,2346000.000,3102000.000,-5676000.000,-17665000.000,,0.000,429000.000,,,,0.000,,
DiscontinuedOperationIncomeLossFromDiscontinuedOperationNetOfTaxPerBasicShare,,,,,,,,,,,,,,0.010,-0.020,,,0.000,0.000,,,,0.000,,
DiscontinuedOperationIncomeLossFromDiscontinuedOperationNetOfTaxPerDilutedShare,,,,,,,,,,,,,,,,,,,,,,,0.000,,
DiscontinuedOperationTaxEffectOfIncomeLossFromDiscontinuedOperationDuringPhaseOutPeriod,-863000.000,271000.000,-58000.000,-359000.000,-129000.000,485000.000,357000.000,-2443000.000,-65000.000,-50000.000,0.000,-6448000.000,1264000.000,1670000.000,-3057000.000,-9511000.000,0.000,0.000,231000.000,0.000,,,0.000,,
DiscontinuedOperationTaxEffectOfIncomeLossFromDisposalOfDiscontinuedOperation,0.000,499000.000,416000.000,2469000.000,0.000,0.000,-2491000.000,269000.000,-175000.000,207000.000,2240000.000,-5281000.000,0.000,0.000,4407000.000,-3508000.000,,0.000,700000.000,,,,0.000,,
DisposalGroupNotDiscontinuedOperationGainLossOnDisposal,,,,,,,,,,,,,,,,,,,,,,,,,179894000.000
DividendsCommonStock,,,,,,,,,23660000.000,,,,23703000.000,,,,23862000.000,,,,23577000.000,,,,23375000.000
EarningsPerShareBasic,0.040,0.760,-1.190,0.490,2.010,-0.810,0.440,1.850,1.100,0.140,0.010,-0.180,0.250,0.170,0.140,-0.020,1.000,0.040,-0.470,0.170,-0.600,0.150,0.410,0.380,0.760
EarningsPerShareDiluted,0.040,0.750,-1.190,0.500,1.970,-0.810,0.430,1.850,1.080,0.140,0.010,-0.170,0.250,0.170,0.140,-0.020,0.990,0.040,-0.470,0.180,-0.600,0.150,0.410,0.380,0.750
EffectOfExchangeRateOnCashAndCashEquivalents,,,,,,,,,,,,,4006000.000,,,,-1097000.000,,,,-10356000.000,,,,-527000.000
EquityMethodInvestmentDividendsOrDistributions,13150000.000,,,,,,,,,,,,,,,,,,,,,,,,
ExcessTaxBenefitFromShareBasedCompensationFinancingActivities,15000.000,,,,,,,,,,,,,,,,,,,,,,,,
ExcessTaxBenefitFromShareBasedCompensationOperatingActivities,15000.000,,,,,,,,,,,,,,,,,,,,,,,,
FairValueInputsDiscountRate,,,,,,,,,,,,,,,,,,,,,,,,,0.106
FairValueMeasurementWithUnobservableInputsReconciliationLiabilityTransfersIntoLevel3,,,,,,,,,,2300000.000,0.000,,,,,,,,,,,,,,
FairValueMeasurementWithUnobservableInputsReconciliationLiabilityTransfersOutOfLevel3,,,,,,,,,,0.000,0.000,,,,,,,,,,,,,,
FairValueMeasurementWithUnobservableInputsReconciliationRecurringBasisAssetGainLossIncludedInEarnings1,,,,,,,,,,3400000.000,1000000.000,,20300000.000,16600000.000,-4100000.000,-68300000.000,638600000.000,-109300000.000,-48900000.000,-24900000.000,-30300000.000,-69000000.000,-5200000.000,-10800000.000,6700000.000
FairValueMeasurementWithUnobservableInputsReconciliationRecurringBasisAssetTransfersIntoLevel3,,,,,,,,,,54900000.000,91400000.000,,91000000.000,95400000.000,87800000.000,-129200000.000,205200000.000,98400000.000,73400000.000,-140300000.000,119000000.000,107100000.000,147000000.000,-193500000.000,49900000.000
FairValueMeasurementWithUnobservableInputsReconciliationRecurringBasisAssetTransfersOutOfLevel3,,,,,,,,,,48500000.000,82700000.000,,47300000.000,66400000.000,108600000.000,-164100000.000,110300000.000,96400000.000,91400000.000,-212300000.000,100800000.000,62700000.000,91800000.000,-122100000.000,39800000.000
FairValueMeasurementWithUnobservableInputsReconciliationRecurringBasisLiabilityGainLossIncludedInEarnings,,,,,,,,,,400000.000,-4600000.000,,-1100000.000,-8500000.000,4200000.000,-600000.000,-6900000.000,4900000.000,1100000.000,8500000.000,-10000000.000,300000.000,5400000.000,6200000.000,4200000.000
FairValueOptionCreditRiskGainsLossesOnAssets,,,,,,,,,,13474000.000,1097000.000,,4467000.000,2038000.000,-15002000.000,-16288000.000,5389000.000,-5294000.000,-13566000.000,-3918000.000,-15462000.000,-10564000.000,-24874000.000,-17912000.000,-5127000.000
FiniteLivedIntangibleAssetsAmortizationExpense,1890000.000,1858000.000,1656000.000,1699000.000,13227000.000,12939000.000,13610000.000,13900000.000,,,,,,,,,,,,,,,,,
FloorBrokerageExchangeAndClearanceFees,,,,,,,,,,32991000.000,34500000.000,,49570000.000,54073000.000,56030000.000,55656000.000,55080000.000,58713000.000,45307000.000,40680000.000,40479000.000,43591000.000,40189000.000,42946000.000,45858000.000
ForeignIncomeTaxExpenseBenefitContinuingOperations,,,,,,,,,,,,,6000000.000,4700000.000,3800000.000,5596000.000,2700000.000,0.000,2300000.000,,-2300000.000,3000000.000,1600000.000,,8800000.000
FutureAmortizationExpenseRemainderOfFiscalYear,,,,,39256000.000,,,,,,,,,,,,,,,,,,,,
FutureAmortizationExpenseYearFive,2800000.000,,,,47650000.000,,,,,,,,,,,,,,,,,,,,
FutureAmortizationExpenseYearFour,5600000.000,,,,49472000.000,,,,,,,,,,,,,,,,,,,,
FutureAmortizationExpenseYearThree,5800000.000,,,,52265000.000,,,,,,,,,,,,,,,,,,,,
FutureAmortizationExpenseYearTwo,6000000.000,,,,52305000.000,,,,,,,,,,,,,,,,,,,,
GainLossOnDerivativeInstrumentsNetPretax,,,,,,,,,,77911000.000,108573000.000,,-73575000.000,-117195000.000,-52849000.000,-159262000.000,51869000.000,-69715000.000,62535000.000,-212315000.000,-302205000.000,-91756000.000,-201124000.000,-54704000.000,-149001000.000
GainLossOnFairValueHedgesRecognizedInEarnings,,,,,,,,,,,,,,,,,,,,,,,,,796000.000
GainLossOnInvestments,2303000.000,529637000.000,7275000.000,102261000.000,424936000.000,2526000.000,154207000.000,8912000.000,229891000.000,9500000.000,4987000.000,-421000.000,5394000.000,11661000.000,3848000.000,9491000.000,15089000.000,9093000.000,236000.000,38539000.000,728000.000,7414000.000,60000.000,21340000.000,460000.000
GainLossOnSecuritizationOfFinancialAssets,,,,,,,,,,4800000.000,1700000.000,,700000.000,900000.000,,,,,,,,,,,
GainsLossesOnExtinguishmentOfDebt,-2898000.000,,,,,,,,,,,,,,,,,,,,,,,,
GeneralAndAdministrativeExpense,44536000.000,51105000.000,57592000.000,64622000.000,76254000.000,59941000.000,56688000.000,80984000.000,81272000.000,221510000.000,232934000.000,217243000.000,192424000.000,187418000.000,263994000.000,155803000.000,166983000.000,156529000.000,217019000.000,214296000.000,187255000.000,186259000.000,239160000.000,194638000.000,181282000.000
IncomeLossFromContinuingOperations,12150000.000,183139000.000,-291687000.000,113367000.000,491109000.000,-198156000.000,109285000.000,453892000.000,305584000.000,52319000.000,-1189000.000,10577000.000,91950000.000,61469000.000,52745000.000,14420000.000,380759000.000,16406000.000,-174902000.000,51802000.000,,,154358000.000,,
IncomeLossFromContinuingOperationsBeforeIncomeTaxesExtraordinaryItemsNoncontrollingInterest,,,,,,,,,,80311000.000,26406000.000,,139781000.000,106623000.000,118159000.000,16659000.000,587107000.000,463000.000,-272185000.000,41151000.000,-301963000.000,139462000.000,249909000.000,229022000.000,398097000.000
IncomeLossFromContinuingOperationsBeforeIncomeTaxesMinorityInterestAndIncomeLossFromEquityMethodInvestments,,,,,,,,,,,,,119745000.000,71278000.000,89242000.000,-37570000.000,546656000.000,-29344000.000,-296428000.000,25371000.000,-322015000.000,87572000.000,213406000.000,182869000.000,526671000.000
IncomeLossFromContinuingOperationsIncludingPortionAttributableToNoncontrollingInterest,12429000.000,183288000.000,-292017000.000,112994000.000,487467000.000,-188673000.000,116945000.000,450566000.000,300770000.000,58243000.000,10223000.000,-7934000.000,89591000.000,62848000.000,58253000.000,4559000.000,374429000.000,15034000.000,-181912000.000,39038000.000,,,176206000.000,,
IncomeLossFromContinuingOperationsPerBasicShare,0.050,0.750,-1.190,0.460,2.010,-0.810,0.450,1.850,1.100,0.140,,,0.240,0.160,0.140,0.040,1.000,0.040,-0.470,0.160,,,0.410,,
IncomeLossFromContinuingOperationsPerDilutedShare,0.050,0.740,-1.190,0.470,1.970,-0.810,0.440,1.850,1.080,0.140,,,0.240,0.160,0.140,0.040,0.990,0.040,-0.470,0.170,,,0.410,,
IncomeLossFromDiscontinuedOperationsNetOfTax,-1722000.000,,,,,,,,,,,,,,,,,,,,,,,,
IncomeLossFromDiscontinuedOperationsNetOfTaxPerDilutedShare,-0.010,0.010,,,,,0.010,,,,,,0.010,0.010,-0.020,-0.050,,0.000,0.000,,,,,,
IncomeLossFromEquityMethodInvestments,,,,,,,,,,,23889000.000,,20036000.000,35345000.000,28917000.000,54229000.000,40451000.000,29807000.000,24243000.000,15780000.000,20052000.000,51890000.000,36503000.000,46153000.000,-128574000.000
IncomeTaxExpenseBenefit,39053000.000,190108000.000,14035000.000,27057000.000,133517000.000,33945000.000,61208000.000,147824000.000,67602000.000,22068000.000,16183000.000,4888000.000,50190000.000,43775000.000,59906000.000,12100000.000,212678000.000,-14571000.000,-90273000.000,2113000.000,-83361000.000,68850000.000,73703000.000,62917000.000,104174000.000
IncomeTaxReconciliationChangeInDeferredTaxAssetsValuationAllowance,,,,,,,,,,,,,,,22200000.000,,,,,,,,,,
IncomeTaxesPaidNet,12214000.000,,,,14941000.000,,,,7732000.000,,,,-1359000.000,,,,828000.000,,,,-8596000.000,,,,2728000.000
IncreaseDecreaseInAccountsAndOtherReceivables,,,,,28591000.000,,,,,,,,,,,,,,,,,,,,
IncreaseDecreaseInAccountsPayableAndAccruedLiabilities,-55936000.000,,,,-71947000.000,,,,,,,,,,,,,,,,,,,,
IncreaseDecreaseInAccruedIncomeTaxesPayable,-8201000.000,,,,-5128000.000,,,,,,,,,,,,,,,,,,,,
IncreaseDecreaseInBrokerageReceivables,,,,,,,,,,,,,478066000.000,,,,38561000.000,,,,204142000.000,,,,807458000.000
IncreaseDecreaseInDeferredRevenue,-348000.000,,,,,,,,,,,,,,,,,,,,,,,,
IncreaseDecreaseInInventories,,,,,1432000.000,,,,,,,,,,,,,,,,,,,,
IncreaseDecreaseInOperatingAssets,,,,,,,,,2820000.000,,,,,,,,,,,,,,,,
IncreaseDecreaseInOtherOperatingCapitalNet,-554000.000,,,,416000.000,,,,22000.000,,,,946000.000,,,,62857000.000,,,,-8645000.000,,,,19704000.000
IncreaseDecreaseInOtherOperatingLiabilities,-4034000.000,,,,11092000.000,,,,,,,,,,,,,,,,,,,,
IncreaseDecreaseInOtherReceivables,,,,,,,,,,,,,,,,,28557000.000,,,,22889000.000,,,,35160000.000
IncreaseDecreaseInPayablesToBrokerDealers,,,,,,,,,,,,,287356000.000,,,,384163000.000,,,,-1492311000.000,,,,-329027000.000
IncreaseDecreaseInPayablesToCustomers,,,,,,,,,,,,,488178000.000,,,,-1481640000.000,,,,-180980000.000,,,,114834000.000
IncreaseDecreaseInPayablesUnderRepurchaseAgreements,,,,,,,,,,,,,-10772000.000,,,,654705000.000,,,,-1721276000.000,,,,525137000.000
IncreaseDecreaseInPrepaidDeferredExpenseAndOtherAssets,2039000.000,,,,-4574000.000,,,,,,,,,,,,,,,,,,,,
IncreaseDecreaseInReceivables,,,,,,,,,1931000.000,,,,,,,,,,,,,,,,
IncreaseDecreaseInRestrictedCash,,,,,-4676000.000,,,,-86000.000,,,,,,,,,,,,,,,,
IncreaseDecreaseInRestrictedCashForOperatingActivities,-47000.000,,,,,,,,,,,,,,,,,,,,,,,,
IncreaseDecreaseInSecuritiesBorrowed,,,,,,,,,,,,,756481000.000,,,,-285891000.000,,,,385463000.000,,,,-856236000.000
IncreaseDecreaseInSecuritiesLoanedTransactions,,,,,,,,,,,,,572285000.000,,,,575750000.000,,,,-295559000.000,,,,-295666000.000
IncreaseDecreaseInTradingLiabilities,,,,,,,,,,,,,2282870000.000,,,,-966190000.000,,,,761729000.000,,,,381118000.000
IncreaseDecreaseInTradingSecurities,,,,,,,,,,,,,1968227000.000,,,,1095937000.000,,,,-3041330000.000,,,,-304957000.000
IncrementalCommonSharesAttributableToCallOptionsAndWarrants,380000.000,,,,,,,,,,,,,,,,,0.000,0.000,,0.000,0.000,0.000,0.000,0.000
IncrementalCommonSharesAttributableToConversionOfDebtSecurities,,4280000.000,,,4327000.000,,4327000.000,,,,,,,,,,,,,,,,,,
IncrementalCommonSharesAttributableToParticipatingNonvestedSharesWithNonForfeitableDividendRights,,,,,,,,,4111000.000,11375200.000,11161200.000,-17294000.000,9704400.000,9164900.000,8925200.000,-18753600.000,7114000.000,6516400.000,6320200.000,-13450600.000,4463000.000,5105700.000,5009500.000,-12591400.000,1500000.000
IncrementalCommonSharesAttributableToShareBasedPaymentArrangements,158000.000,225000.000,,,35000.000,,,,3000.000,85000.000,46000.000,-79000.000,101000.000,48000.000,28000.000,-148000.000,10000.000,8000.000,0.000,-17000.000,0.000,0.000,1000.000,,16000.000
InterestAndDividendIncomeSecurities,37413000.000,67103000.000,,,,,,,,,,,,,,,,,,,,,,,
InterestAndDividendIncomeSecuritiesOther,1083000.000,1083000.000,1151000.000,,,,,,,,,,,,,,,,,,,,,,
InterestAndOtherIncome,,,63723000.000,,,,,,,,,,,,,,,,,,,,,,
InterestExpense,28977000.000,27837000.000,27538000.000,27525000.000,28868000.000,21373000.000,21106000.000,21234000.000,21319000.000,21209000.000,17234000.000,25202000.000,28576000.000,29144000.000,29499000.000,29955000.000,30449000.000,30671000.000,28949000.000,21343000.000,22318000.000,22706000.000,23121000.000,40558000.000,27384000.000
InterestIncomeOperating,,,,,,,,,5709000.000,264718000.000,236401000.000,230952000.000,257660000.000,291012000.000,257124000.000,246355000.000,237599000.000,248715000.000,238468000.000,230458000.000,232016000.000,231593000.000,226648000.000,235998000.000,223630000.000
InterestOnConvertibleDebtNetOfTax,,654000.000,,,656000.000,,657000.000,,658000.000,,,,640000.000,99000.000,,,,0.000,0.000,,,,,,
InterestPaidNet,55472000.000,,,,56466000.000,,,,37587000.000,,,,266179000.000,,,,204769000.000,,,,195300000.000,,,,248211000.000
InvestmentBankingAdvisoryBrokerageAndUnderwritingFeesAndCommissions,,,,,,,,,,,,,,,,,,1300000.000,,,,,,,
InvestmentBankingRevenue,,,,,,,,,,277134000.000,309339000.000,,414320000.000,331149000.000,465192000.000,315976000.000,250995000.000,404062000.000,389820000.000,372930000.000,230930000.000,253046000.000,294930000.000,415067000.000,408021000.000
LaborAndRelatedExpense,,,,,,,,,45936000.000,414140000.000,326448000.000,566136000.000,565837000.000,424167000.000,516635000.000,335035000.000,410852000.000,517287000.000,375495000.000,361831000.000,389407000.000,458091000.000,418715000.000,464372000.000,504183000.000
LongTermPurchaseCommitmentAmount,,,,,,,,,171400000.000,,,,244000000.000,,,,356400000.000,,,,,,,,
MinorityInterestDecreaseFromDistributionsToNoncontrollingInterestHolders,-3567000.000,,,,-1576000.000,,,,4844000.000,,,,778000.000,,,,,,,,271000.000,,,,179000.000
NetCashProvidedByUsedInFinancingActivities,69888000.000,,,,-460170000.000,,,,47039000.000,,,,145918000.000,,,,708313000.000,,,,411024000.000,,,,525705000.000
NetCashProvidedByUsedInFinancingActivitiesContinuingOperations,69888000.000,,,,-460170000.000,,,,47039000.000,,,,145918000.000,,,,708313000.000,,,,411024000.000,,,,525705000.000
NetCashProvidedByUsedInInvestingActivities,-179521000.000,,,,539658000.000,,,,3110680000.000,,,,567487000.000,,,,267920000.000,,,,-512457000.000,,,,124810000.000
NetCashProvidedByUsedInInvestingActivitiesContinuingOperations,-179521000.000,,,,539658000.000,,,,3110680000.000,,,,567487000.000,,,,267920000.000,,,,-512457000.000,,,,124810000.000
NetCashProvidedByUsedInOperatingActivities,-17775000.000,,,,-42687000.000,,,,-163258000.000,,,,-1034479000.000,,,,-1727387000.000,,,,-922793000.000,,,,-192983000.000
NetCashProvidedByUsedInOperatingActivitiesContinuingOperations,-17775000.000,,,,-42687000.000,,,,-163258000.000,,,,-1034479000.000,,,,-1727387000.000,,,,-922793000.000,,,,-192983000.000
NetIncomeLoss,10507000.000,186309000.000,-291022000.000,119437000.000,490877000.000,-197251000.000,106674000.000,454166000.000,305103000.000,52612000.000,2971000.000,8554000.000,94316000.000,65074000.000,54679000.000,-9763000.000,380759000.000,16406000.000,-173173000.000,55595000.000,-222880000.000,57289000.000,154358000.000,137171000.000,281408000.000
NetIncomeLossAttributableToNoncontrollingInterest,279000.000,149000.000,-330000.000,-373000.000,202000.000,-297000.000,-972000.000,-993000.000,-622000.000,-729000.000,253000.000,-64000.000,2537000.000,-912000.000,-1058000.000,-1294000.000,-234000.000,-356000.000,-1238000.000,-3168000.000,-1052000.000,-760000.000,-1870000.000,2256000.000,-523000.000
NetIncomeLossAttributableToRedeemableNoncontrollingInterest,,,,,-3844000.000,9780000.000,8632000.000,-2333000.000,-4531000.000,5638000.000,10132000.000,-20521000.000,-5932000.000,1273000.000,5625000.000,-9582000.000,-7112000.000,-2031000.000,-6788000.000,-10612000.000,4314000.000,13068000.000,22702000.000,25662000.000,12022000.000
NetIncomeLossAvailableToCommonStockholdersBasic,,,,,,,,,303111000.000,51015000.000,2879000.000,7316000.000,91919000.000,63517000.000,53415000.000,-9306000.000,373673000.000,16132000.000,-173173000.000,58244000.000,-222880000.000,56517000.000,152298000.000,139429000.000,280270000.000
NetIncomeLossAvailableToCommonStockholdersDiluted,10507000.000,186963000.000,-291022000.000,118783000.000,491533000.000,-197251000.000,107331000.000,455479000.000,304119000.000,50986000.000,2817000.000,12321000.000,93575000.000,63604000.000,53399000.000,-10369000.000,374743000.000,16113000.000,-173173000.000,57159000.000,-222880000.000,56508000.000,153320000.000,138397000.000,281294000.000
OtherComprehensiveIncomeAvailableForSaleSecuritiesAdjustmentNetOfTaxPeriodIncreaseDecrease,-66316000.000,,,,,,,,,,,,,,,,,,,,,,,,
OtherComprehensiveIncomeAvailableForSaleSecuritiesTax,36819000.000,,,,-132992000.000,-71102000.000,-13700000.000,109683000.000,,,,,,,,,,,,,,,,,
OtherComprehensiveIncomeDefinedBenefitPlansAdjustmentNetOfTaxPeriodIncreaseDecrease,,,,,780000.000,778000.000,780000.000,-11826000.000,,,,,,,,,,,,,,,,,
OtherComprehensiveIncomeDefinedBenefitPlansNetUnamortizedGainLossArisingDuringPeriodTax,,,,,0.000,0.000,0.000,-6998000.000,,,,,,,,,,,,,,,,,
OtherComprehensiveIncomeDefinedBenefitPlansTax,1000.000,,,,433000.000,433000.000,433000.000,-6566000.000,,,,,,,,,,,,,,,,,
OtherComprehensiveIncomeDerivativesQualifyingAsHedgesNetOfTaxPeriodIncreaseDecrease,,,,,-160000.000,7000.000,,,,,,,,,,,,,,,,,,,
OtherComprehensiveIncomeDerivativesQualifyingAsHedgesTaxEffectPeriodIncreaseDecrease,,,,,-89000.000,4000.000,0.000,-1000.000,,,,,,,,,,,,,,,,,
OtherComprehensiveIncomeForeignCurrencyTransactionAndTranslationAdjustmentNetOfTaxPeriodIncreaseDecrease,,,,,-1927000.000,-2579000.000,879000.000,698000.000,,,,,,,,,,,,,,,,,
OtherComprehensiveIncomeForeignCurrencyTransactionAndTranslationGainLossArisingDuringPeriodNetOfTax,1258000.000,,,,-1927000.000,-2579000.000,879000.000,698000.000,-1689000.000,-11003000.000,7313000.000,28279000.000,13897000.000,2643000.000,-16553000.000,-43294000.000,-14721000.000,-3695000.000,-228000.000,-17833000.000,-43921000.000,22185000.000,-55573000.000,-44272000.000,-18000.000
OtherComprehensiveIncomeForeignCurrencyTranslationAdjustmentTax,,,,,-1070000.000,-1431000.000,448000.000,427000.000,,,,,,,,,,,,,,,,,
OtherComprehensiveIncomeForeignCurrencyTranslationGainLossArisingDuringPeriodTax,698000.000,,,,-1070000.000,-1431000.000,488000.000,387000.000,-938000.000,258000.000,381000.000,1164000.000,62000.000,-119000.000,-4335000.000,-2445000.000,-5768000.000,1772000.000,96000.000,-1274000.000,3236000.000,-1910000.000,262000.000,-5118000.000,1511000.000
OtherComprehensiveIncomeForeignCurrencyTranslationReclassificationAdjustmentRealizedUponSaleOrLiquidationTax,,,,,0.000,0.000,0.000,0.000,,,,,,,,,,,,,,,,,
OtherComprehensiveIncomeLossAmortizationPensionAndOtherPostretirementBenefitPlansNetPriorServiceCostRecognizedInNetPeriodicPensionCostTaxEffect,,,,,433000.000,433000.000,433000.000,432000.000,,,,,,,,,,,,,,,,,
OtherComprehensiveIncomeLossAvailableForSaleSecuritiesAdjustmentNetOfTax,,,,,,,,,-197775000.000,-56106000.000,37695000.000,2149000.000,5188000.000,345000.000,-12381000.000,-4957000.000,-6418000.000,302000.000,-10239000.000,-3632000.000,-966000.000,-1281000.000,5065000.000,1078000.000,10161000.000
OtherComprehensiveIncomeLossAvailableForSaleSecuritiesTax,,,,,,,,,-109807000.000,-31151000.000,20930000.000,1193000.000,2881000.000,191000.000,-6874000.000,-2752000.000,-3563000.000,167000.000,-5684000.000,-2017000.000,-536000.000,-768000.000,2938000.000,626000.000,5918000.000
OtherComprehensiveIncomeLossDerivativesQualifyingAsHedgesNetOfTax,,,,,,,,,5000.000,-11000.000,-6000.000,-3000.000,165000.000,-503000.000,399000.000,108000.000,,0.000,0.000,,,,,,
OtherComprehensiveIncomeLossDerivativesQualifyingAsHedgesTax,,,,,,,,,2000.000,-6000.000,-3000.000,-2000.000,92000.000,-279000.000,221000.000,61000.000,0.000,0.000,0.000,0.000,,,,,
OtherComprehensiveIncomeLossForeignCurrencyTransactionAndTranslationAdjustmentNetOfTax,,,,,,,,,-1689000.000,-11003000.000,7313000.000,28279000.000,13897000.000,2643000.000,-16820000.000,-43294000.000,-14721000.000,-3695000.000,-228000.000,-17833000.000,-43921000.000,22185000.000,-55573000.000,-44272000.000,5272000.000
OtherComprehensiveIncomeLossForeignCurrencyTransactionAndTranslationReclassificationAdjustmentFromAOCIRealizedUponSaleOrLiquidationNetOfTax,,,,,,,,,,,,,,,267000.000,,,0.000,0.000,,0.000,0.000,0.000,0.000,-5290000.000
OtherComprehensiveIncomeLossForeignCurrencyTransactionAndTranslationReclassificationAdjustmentFromAOCIRealizedUponSaleOrLiquidationTax,,,,,,,,,,,,,,0.000,149000.000,,0.000,0.000,0.000,0.000,0.000,0.000,0.000,0.000,1097000.000
OtherComprehensiveIncomeLossForeignCurrencyTranslationAdjustmentTax,,,,,,,,,-938000.000,258000.000,381000.000,1164000.000,62000.000,-119000.000,-4484000.000,-2445000.000,-5768000.000,1772000.000,96000.000,-1274000.000,3236000.000,-1910000.000,262000.000,-5118000.000,414000.000
OtherComprehensiveIncomeLossForeignCurrencyTranslationReclassificationAdjustmentRealizedUponSaleOrLiquidationTax,,,,,,,,,0.000,0.000,0.000,0.000,0.000,,,,,,,,,,,,
OtherComprehensiveIncomeLossNetOfTax,,,,,,,,,-198259000.000,-65920000.000,46202000.000,50898000.000,20010000.000,3245000.000,-28042000.000,-86181000.000,-19964000.000,-2054000.000,-9209000.000,22938000.000,-44789000.000,19268000.000,-52591000.000,-49984000.000,4940000.000
OtherComprehensiveIncomeLossNetOfTaxPeriodIncreaseDecrease,,,,,-240842000.000,-129858000.000,-23016000.000,186424000.000,,,,,,,,,,,,,,,,,
OtherComprehensiveIncomeLossPensionAndOtherPostretirementBenefitPlansAdjustmentBeforeReclassificationAdjustmentsNetOfTax,,,,,,,,,,,,,,,,,,0.000,0.000,,0.000,0.000,0.000,5451000.000,0.000
OtherComprehensiveIncomeLossPensionAndOtherPostretirementBenefitPlansAdjustmentNetOfTax,,,,,,,,,-1200000.000,-1200000.000,-1200000.000,-20473000.000,-760000.000,-760000.000,-760000.000,38038000.000,-1175000.000,-1339000.000,-1258000.000,-44403000.000,-400000.000,-367000.000,-383000.000,5067000.000,798000.000
OtherComprehensiveIncomeLossPensionAndOtherPostretirementBenefitPlansBeforeReclassificationAdjustmentsTax,,,,,,,,,0.000,0.000,0.000,11685000.000,0.000,0.000,0.000,-17698000.000,0.000,0.000,0.000,7152000.000,0.000,0.000,0.000,-2516000.000,0.000
OtherComprehensiveIncomeLossPensionAndOtherPostretirementBenefitPlansTax,,,,,,,,,666000.000,666000.000,666000.000,12352000.000,422000.000,422000.000,422000.000,-17288000.000,653000.000,653000.000,653000.000,22352000.000,178000.000,173000.000,175000.000,-2342000.000,1435000.000
OtherComprehensiveIncomeLossReclassificationAdjustmentForSaleOfSecuritiesIncludedInNetIncomeNetOfTax,,,,,,,,,-205584000.000,-5453000.000,-1907000.000,-114000.000,878000.000,,,,,,,,,,,,
OtherComprehensiveIncomeLossReclassificationAdjustmentForSaleOfSecuritiesIncludedInNetIncomeTax,,,,,,,,,114143000.000,3027000.000,1058000.000,64000.000,-488000.000,,,,,,,,,,,,
OtherComprehensiveIncomeLossReclassificationAdjustmentFromAOCIForSaleOfSecuritiesNetOfTax,,,,,,,,,,,,,,-1712000.000,1549000.000,,5303000.000,3761000.000,355000.000,1511000.000,26000.000,-17000.000,-1000.000,-4000.000,-18000.000
OtherComprehensiveIncomeLossReclassificationAdjustmentFromAOCIForSaleOfSecuritiesTax,,,,,,,,,,,,,,-950000.000,860000.000,,2944000.000,2088000.000,198000.000,838000.000,14000.000,-8000.000,-1000.000,-3000.000,-11000.000
OtherComprehensiveIncomeLossReclassificationAdjustmentFromAOCIOnDerivativesNetOfTax,,,,,,,,,,,,,,,,,,0.000,0.000,,,,,,
OtherComprehensiveIncomeLossReclassificationAdjustmentFromAOCIOnDerivativesTax,,,,,,,,,,,,,,0.000,0.000,,0.000,0.000,0.000,0.000,,,,,
OtherComprehensiveIncomeLossReclassificationAdjustmentFromAOCIPensionAndOtherPostretirementBenefitPlansNetOfTax,,,,,,,,,,,,,,,,,,,,,,367000.000,383000.000,,-798000.000
OtherComprehensiveIncomeLossReclassificationAdjustmentFromAOCIPensionAndOtherPostretirementBenefitPlansTax,,,,,,,,,,,,,,,,,,,,,,-173000.000,-175000.000,,-1435000.000
OtherComprehensiveIncomeLossReclassificationAdjustmentOnDerivativesIncludedInNetIncomeTax,,,,,,,,,0.000,0.000,0.000,0.000,0.000,,,,,,,,,,,,
OtherComprehensiveIncomeReclassificationAdjustmentForSaleOfSecuritiesIncludedInNetIncomeNetOfTax,1391000.000,,,,222964000.000,36000.000,68772000.000,35000.000,,,,,,,,,,,,,,,,,
OtherComprehensiveIncomeReclassificationAdjustmentForSaleOfSecuritiesIncludedInNetIncomeTax,773000.000,,,,,,,,,,,,,,,,,,,,,,,,
OtherComprehensiveIncomeReclassificationAdjustmentOnDerivativesIncludedInNetIncomeTax,,,,,0.000,0.000,0.000,0.000,,,,,,,,,,,,,,,,,
OtherComprehensiveIncomeReclassificationOfDefinedBenefitPlansNetGainLossRecognizedInNetPeriodicBenefitCostNetOfTax,,,,,780000.000,778000.000,780000.000,780000.000,,,,,,,,,,,,,,,,,
OtherComprehensiveIncomeUnrealizedGainLossOnDerivativesArisingDuringPeriodNetOfTax,,,,,-160000.000,7000.000,,,5000.000,-11000.000,-6000.000,-3000.000,165000.000,-503000.000,399000.000,,,0.000,0.000,,,,,,
OtherComprehensiveIncomeUnrealizedGainLossOnDerivativesArisingDuringPeriodTax,,,,,-89000.000,4000.000,0.000,-1000.000,2000.000,-6000.000,-3000.000,-2000.000,92000.000,-279000.000,221000.000,-34000.000,0.000,0.000,0.000,0.000,,,,,
OtherComprehensiveIncomeUnrealizedHoldingGainLossOnSecuritiesArisingDuringPeriodNetOfTax,-67707000.000,,,,-16571000.000,-128028000.000,44097000.000,197588000.000,7809000.000,-50653000.000,39602000.000,2263000.000,4310000.000,-1367000.000,-10832000.000,-977000.000,-1115000.000,4063000.000,-9884000.000,-2121000.000,-940000.000,-1298000.000,5064000.000,1074000.000,10143000.000
OtherComprehensiveIncomeUnrealizedHoldingGainLossOnSecuritiesArisingDuringPeriodTax,37592000.000,,,,-9201000.000,-71081000.000,24482000.000,109703000.000,4336000.000,-28124000.000,21988000.000,1257000.000,2393000.000,-759000.000,-6014000.000,-543000.000,-619000.000,2255000.000,-5486000.000,-1179000.000,-522000.000,-776000.000,2937000.000,623000.000,5907000.000
OtherDepreciationAndAmortization,,,,,23894000.000,,,,17093000.000,,,,-265000.000,,,,3066000.000,,,,,,,,3541000.000
OtherIncome,,,,,,,,,119623000.000,154856000.000,173025000.000,41733000.000,133622000.000,117287000.000,185012000.000,134544000.000,124370000.000,153023000.000,155320000.000,116515000.000,58923000.000,143379000.000,164121000.000,121763000.000,326912000.000
ParticipatingSecuritiesDistributedAndUndistributedEarnings,,,,,,,,,1992000.000,1597000.000,92000.000,1238000.000,2397000.000,,,,,,,,,,,,
ParticipatingSecuritiesDistributedAndUndistributedEarningsLossBasic,,,,,,,,,,,,,,1557000.000,1264000.000,,7086000.000,274000.000,0.000,-2649000.000,0.000,772000.000,2060000.000,-2258000.000,1138000.000
PaymentsForCapitalImprovements,4452000.000,,,,1248000.000,,,,1011000.000,,,,927000.000,,,,,,,,,,,,
PaymentsForProceedsFromOtherInvestingActivities,-1879000.000,,,,,,,,245000.000,,,,1883000.000,,,,966000.000,,,,5959000.000,,,,-1250000.000
PaymentsForRepurchaseOfCommonStock,,,,,,,,,,,,,46710000.000,,,,27010000.000,,,,9624000.000,,,,3455000.000
PaymentsOfDividendsCommonStock,,,,,,,,,22996000.000,,,,23186000.000,,,,23359000.000,,,,23001000.000,,,,22710000.000
PaymentsToAcquireBusinessesNetOfCashAcquired,,,,,,,,,,,,,10178000.000,,,,,,,,,,,,
PaymentsToAcquireInterestInSubsidiariesAndAffiliates,890000.000,,,,498000.000,,,,16173000.000,,,,794498000.000,,,,607025000.000,,,,284820000.000,,,,1227838000.000
PaymentsToAcquirePropertyPlantAndEquipment,4052000.000,,,,18575000.000,,,,20777000.000,,,,74130000.000,,,,,,,,,,,,
PaymentsToAcquireReceivables,2366000.000,,,,451000.000,,,,1406000.000,,,,,,,,283000000.000,,,,148622000.000,,,,23634000.000
PaymentsToMinorityShareholders,,,,,,,,,,,,,778000.000,,,,,,,,271000.000,,,,179000.000
PreferredStockDividendsIncomeStatementImpact,,,,,,,,,339000.000,1015000.000,1027000.000,1016000.000,1016000.000,1015000.000,1016000.000,1015000.000,1016000.000,1015000.000,1016000.000,1016000.000,1016000.000,1015000.000,1016000.000,1016000.000,1016000.000
PrincipalTransactionsRevenue,,,,,,,,,,141680000.000,-41171000.000,,281054000.000,175734000.000,160345000.000,45080000.000,729235000.000,72238000.000,-253145000.000,94496000.000,-102483000.000,262347000.000,299066000.000,144892000.000,416501000.000
ProceedsFromIssuanceOfCommonStock,1340000.000,,,,,,,,,,,,592000.000,,,,616000.000,,,,531000.000,,,,805000.000
ProceedsFromMinorityShareholders,,,,,,,,,,,,,8604000.000,,,,533000.000,,,,94904000.000,,,,18777000.000
ProceedsFromOtherDebt,145066000.000,,,,70433000.000,,,,114048000.000,,,,192690000.000,,,,127486000.000,,,,262249000.000,,,,880493000.000
ProceedsFromPaymentsForOtherFinancingActivities,-3377000.000,,,,-4663000.000,,,,-3953000.000,,,,953000.000,,,,246000.000,,,,153000.000,,,,0.000
ProceedsFromRepaymentsOfBankOverdrafts,,,,,,,,,,,,,,,,,,,,,,,,,4195000.000
ProceedsFromRepaymentsOfShortTermDebt,,,,,,,,,,,,,,,,,399998000.000,,,,1226000.000,,,,-107113000.000
ProceedsFromSaleAndCollectionOfReceivables,4957000.000,,,,6068000.000,,,,6206000.000,,,,4432000.000,,,,21836000.000,,,,11686000.000,,,,86608000.000
ProfitLoss,10786000.000,186458000.000,-291352000.000,119064000.000,487235000.000,-187768000.000,114334000.000,450840000.000,300289000.000,58536000.000,14383000.000,-11015000.000,91937000.000,66450000.000,60262000.000,-19624000.000,374429000.000,15034000.000,-180183000.000,42831000.000,-218602000.000,70612000.000,176206000.000,166105000.000,293923000.000
ProvisionForDoubtfulAccounts,233000.000,,,,2484000.000,,,,2361000.000,,,,2752000.000,,,,,,,,,,,,
RelatedPartyTransactionPurchasesFromRelatedParty,,,,,,,,,2400000.000,,,,2800000.000,,,,3600000.000,,,,3200000.000,,,,2800000.000
RepaymentsOfOtherDebt,73156000.000,,,,525940000.000,,,,18899000.000,,,,21930000.000,,,,15448000.000,,,,34937000.000,,,,55405000.000
RevenueFromRelatedParties,,,,,45632000.000,,,,7400000.000,,,,7500000.000,,,,9400000.000,,,,6000000.000,,,,7100000.000
RevenueOilAndGasServices,30872000.000,31737000.000,35984000.000,35189000.000,37322000.000,31092000.000,,,,,,,,,,,,,,,,,,,
Revenues,284034000.000,753441000.000,236058000.000,297235000.000,2424288000.000,2141645000.000,2187495000.000,2440261000.000,2144036000.000,2914740000.000,2742065000.000,3201911000.000,3139867000.000,3097833000.000,3213664000.000,2883543000.000,3376521000.000,3055123000.000,2566023000.000,2686260000.000,2207309000.000,2841316000.000,2883710000.000,2942919000.000,3080369000.000
RevenuesNetOfInterestExpense,,,,,,,,,,2705150000.000,2565076000.000,,2943314000.000,2852054000.000,3003643000.000,2687474000.000,3184683000.000,2839463000.000,2366096000.000,2496216000.000,2015106000.000,2625358000.000,2676375000.000,2745778000.000,2867982000.000
SalesRevenueGoodsNet,63765000.000,64610000.000,63398000.000,53145000.000,,,,,1788813000.000,1920004000.000,1920748000.000,1856767000.000,1885754000.000,2003612000.000,1983058000.000,1951822000.000,1852311000.000,1994484000.000,1863040000.000,1687034000.000,1631371000.000,1797380000.000,1746841000.000,1846310000.000,1559023000.000
SalesRevenueNet,284034000.000,753441000.000,236058000.000,297235000.000,2424288000.000,2141645000.000,2187495000.000,2440261000.000,2024413000.000,2482750000.000,2259701000.000,3160178000.000,2591925000.000,2649397000.000,2563460000.000,2433023000.000,3001156000.000,2498038000.000,2020883000.000,2196815000.000,1917456000.000,2444891000.000,2424659000.000,2406089000.000,2345436000.000
SegmentReportingInformationDepreciationDepletionAndAmortizationExpense,20545000.000,,,,,,,,,,,,,,,,,,,,,,,,
SegmentReportingInformationRevenue,,753441000.000,236058000.000,,2424288000.000,2141645000.000,2187495000.000,2440261000.000,2144036000.000,,,,,,,,,,,,,,,,
SegmentReportingSegmentOperatingProfitLoss,35358000.000,,,,,,,,,,,,,,,,,,,,,,,,
SegmentReportingSegmentRevenue,284034000.000,,,,,,,,,,,,,,,,,,,,,,,,
ShareBasedCompensation,1024000.000,13436000.000,4383000.000,4421000.000,3892000.000,3447000.000,3392000.000,3728000.000,1829000.000,30600000.000,27800000.000,27080000.000,38207000.000,24600000.000,24700000.000,22331000.000,32794000.000,20100000.000,19000000.000,2193000.000,6933000.000,9100000.000,8900000.000,,9983000.000
ShareBasedCompensationArrangementByShareBasedPaymentAwardOptionsGrantsInPeriodGross,,,,,,12000.000,,,,,,,,,,,,,,,,,,,
StateAndLocalIncomeTaxExpenseBenefitContinuingOperations,,,,,4325000.000,3975000.000,11788000.000,10111000.000,7000000.000,,,,15100000.000,24700000.000,11200000.000,-3061000.000,8900000.000,700000.000,1200000.000,,700000.000,13400000.000,500000.000,,31800000.000
StockIssuedDuringPeriodValueAcquisitions,,,,,,,,,3733119000.000,,,,,,,,,,,,,,,,
StockIssuedDuringPeriodValueConversionOfConvertibleSecurities,,,,,,,,,,,,,12000.000,,,,,,,,,,,,
StockIssuedDuringPeriodValueStockOptionsExercised,1355000.000,,,,,,,,,,,,,,,,,,,,,,,,418000.000
StockholdersEquityNoteSpinoffTransaction,,,,,,,,,-197000000.000,,,,,,,,,,,,,,,,
StockholdersEquityOther,,,,,,,,,124000.000,,,,2434000.000,,,,-3700000.000,,,,-3134000.000,,,,-1141000.000
TreasuryStockValueAcquiredCostMethod,,,,,,,,,3598000.000,,,,46710000.000,,,,27010000.000,,,,9624000.000,,,,3455000.000
UndistributedEarningsDiluted,,,,,,,,,11000.000,-29000.000,-62000.000,-30000.000,,-12000.000,-16000.000,,54000.000,-19000.000,0.000,-69000.000,0.000,-9000.000,6000.000,-16000.000,8000.000
WeightedAverageNumberOfDilutedSharesOutstanding,244620000.000,249026000.000,244580000.000,-493653000.000,248945000.000,244583000.000,248910000.000,-493524000.000,281587000.000,367837000.000,367687000.000,-669377000.000,377348000.000,373179000.000,373375000.000,-750569000.000,377713000.000,373662000.000,372547000.000,-751491000.000,372367000.000,372556000.000,374567000.000,-747972000.000,375721000.000
WeightedAverageNumberOfSharesOutstandingBasic,244082000.000,244521000.000,244580000.000,-488758000.000,244583000.000,244583000.000,244583000.000,-489166000.000,275735000.000,367752000.000,367641000.000,-671455000.000,368487000.000,371979000.000,373347000.000,-741924000.000,373541000.000,373654000.000,372547000.000,-747312000.000,372367000.000,372556000.000,370404000.000,-744116000.000,369267000.000
