,2011-04-02,2011-07-02,2011-10-01,2011-12-31,2012-03-31,2012-06-30,2012-09-29,2012-12-31,2013-03-30,2013-06-29,2013-09-28,2014-03-29,2014-06-28,2014-09-27,2015-03-28,2015-06-27,2015-09-26,2016-04-02,2016-07-02,2016-10-01,2016-12-31,2017-04-01
AdjustmentToAdditionalPaidInCapitalIncomeTaxEffectFromShareBasedCompensationNet,,,,,6000000.000,,,,14100000.000,,,48200000.000,,,39000000.000,,,26800000.000,,,,
AdjustmentsNoncashItemsToReconcileNetIncomeLossToCashProvidedByUsedInOperatingActivitiesOther,10600000.000,,,,,,,,,,,,,,,,,,,,,
AdjustmentsToAdditionalPaidInCapitalSharebasedCompensationRequisiteServicePeriodRecognitionValue,,,,,17300000.000,,,,20400000.000,,,25200000.000,,,28200000.000,,,33400000.000,,,,33000000.000
AmortizationOfDebtDiscountPremium,1400000.000,,,,,,,,,,,,,,,,,,,,,
AmortizationOfIntangibleAssets,135400000.000,151200000.000,,,,,,,,,,,,,,,,,,,,
AntidilutiveSecuritiesExcludedFromComputationOfEarningsPerShareAmount,8300000.000,3700000.000,5500000.000,-10600000.000,9200000.000,10000000.000,6400000.000,,,,,,,,,,,,,,,
AvailableForSaleSecuritiesGrossRealizedGains,,,,,,,,,11000000.000,,,,,,,,,,,,,
BusinessAcquisitionProFormaEarningsPerShareBasic,,1.460,0.770,,,,0.850,,,,,1.840,,,,,,,,,,
BusinessAcquisitionProFormaEarningsPerShareDiluted,,1.450,0.760,,,,0.850,,,,,1.820,,,,,,,,,,
BusinessAcquisitionProFormaIncomeLossFromContinuingOperationsBeforeChangesInAccountingAndExtraordinaryItemsNetOfTaxPerShareBasic,,0.660,0.770,,,,0.880,,,,,1.840,,,,,,,,,,
BusinessAcquisitionProFormaIncomeLossFromContinuingOperationsBeforeChangesInAccountingAndExtraordinaryItemsNetOfTaxPerShareDiluted,,0.660,0.760,,,,0.870,,,,,1.820,,,,,,,,,,
BusinessAcquisitionsProFormaIncomeLossFromContinuingOperationsBeforeChangesInAccountingAndExtraordinaryItemsNetOfTax,,,290300000.000,,,,318800000.000,,,,,730500000.000,,,,,,,,,,
BusinessAcquisitionsProFormaNetIncomeLoss,,,290400000.000,,,,309800000.000,,,,,730500000.000,,,,,,,,,,
BusinessAcquisitionsProFormaRevenue,,,3048400000.000,,,,3122600000.000,,,,,4176400000.000,,,,,,,,,,
BusinessCombinationConsiderationTransferred1,,,,,,,,,,,,15336000000.000,,,299900000.000,,,1346600000.000,,,,314100000.000
BusinessCombinationConsiderationTransferredLiabilitiesIncurred,,,,,,,,,,,,,,,1300000.000,,,60100000.000,,,,14600000.000
CashAndCashEquivalentsPeriodIncreaseDecrease,1871600000.000,,,,-228000000.000,,,,153100000.000,,,-4328800000.000,,,-478900000.000,,,374700000.000,,,,
CashProvidedByUsedInInvestingActivitiesDiscontinuedOperations,-2000000.000,,,,-200000.000,,,,0.000,,,,,,,,,,,,,
CashProvidedByUsedInOperatingActivitiesDiscontinuedOperations,12700000.000,,,,-500000.000,,,,-800000.000,,,-1000000.000,,,-2100000.000,,,-1500000.000,,,,-900000.000
CommonStockDividendsPerShareDeclared,,,,,0.130,0.130,0.130,0.150,0.150,0.150,0.150,0.150,0.150,0.150,0.150,0.150,0.150,0.150,0.150,0.150,0.150,0.150
ComprehensiveIncomeNetOfTax,372600000.000,625400000.000,-280000000.000,168800000.000,525900000.000,-73000000.000,547800000.000,426300000.000,157300000.000,150700000.000,623200000.000,557500000.000,229600000.000,-141000000.000,-176500000.000,762900000.000,184800000.000,532800000.000,301200000.000,400900000.000,147900000.000,714200000.000
CostOfGoodsSold,1354800000.000,1460200000.000,1499900000.000,1556600000.000,1540500000.000,1497900000.000,1510600000.000,1552300000.000,1533100000.000,1572500000.000,1546600000.000,1933300000.000,2112900000.000,1873900000.000,1720800000.000,1907000000.000,1853900000.000,1933600000.000,2039300000.000,2024300000.000,2216700000.000,2129600000.000
CostOfServices,246300000.000,271000000.000,249800000.000,274600000.000,268000000.000,288900000.000,276700000.000,279500000.000,322100000.000,304400000.000,297300000.000,350200000.000,362500000.000,363900000.000,375500000.000,422100000.000,386000000.000,403300000.000,417400000.000,412700000.000,457700000.000,442900000.000
CostmethodInvestmentsRealizedGainLossExcludingOtherThanTemporaryImpairments,,,,,,,,,,2000000.000,,4000000.000,,,,,,,,,,
CostsAndExpenses,2399900000.000,2631600000.000,2658500000.000,2790700000.000,2745400000.000,2740300000.000,2733500000.000,2808600000.000,2804400000.000,2864700000.000,2799700000.000,3028000000.000,3973800000.000,3531100000.000,3431500000.000,3675100000.000,3560300000.000,3776900000.000,3897600000.000,3949800000.000,4200600000.000,4142600000.000
DebtRelatedCommitmentFeesAndDebtIssuanceCosts,,10000000.000,,,,,,,,41000000.000,20000000.000,,,,,,,,,,,
Depreciation,48900000.000,51400000.000,55100000.000,60200000.000,59900000.000,58200000.000,59000000.000,59000000.000,59000000.000,58000000.000,59400000.000,79700000.000,91200000.000,92800000.000,87200000.000,89900000.000,97800000.000,94100000.000,97100000.000,91400000.000,97400000.000,97000000.000
DepreciationDepletionAndAmortization,184300000.000,,,,243800000.000,,,,251000000.000,,,365600000.000,,,416300000.000,,,416100000.000,,,,464500000.000
DiscontinuedOperationIncomeLossFromDiscontinuedOperationDuringPhaseOutPeriodBeforeIncomeTax,9100000.000,,,,,,,,,,,,,,,,,,,,,
DiscontinuedOperationIncomeLossFromDiscontinuedOperationDuringPhaseOutPeriodNetOfTax,5500000.000,0.000,0.000,0.000,0.000,-7500000.000,-4100000.000,-7600000.000,-400000.000,-200000.000,-100000.000,0.000,0.000,1700000.000,,,-1200000.000,,,,,
DiscontinuedOperationTaxEffectOfDiscontinuedOperation,,,,,,,,,,,,,,,,,,-100000.000,-100000.000,0.000,-2000000.000,
DiscontinuedOperationTaxEffectOfIncomeLossFromDiscontinuedOperationDuringPhaseOutPeriod,3600000.000,0.000,0.000,0.000,0.000,-4900000.000,-2700000.000,-3200000.000,-200000.000,-100000.000,-100000.000,,,1000000.000,,,-700000.000,,,,,
DisposalGroupIncludingDiscontinuedOperationRevenue,54300000.000,,,,,,,,,,,,,,,,,,,,,
DisposalGroupNotDiscontinuedOperationGainLossOnDisposal,,,,,,,,,,,,758500000.000,,,0.000,,,,,,,
DividendsCommonStockCash,,,,,48000000.000,,,,54000000.000,,,60100000.000,,,59900000.000,,,59300000.000,,,,58900000.000
EarningsPerShareBasic,0.650,1.370,0.700,0.770,0.760,0.640,0.800,1.040,0.940,0.770,0.880,1.380,0.700,1.180,0.970,1.280,1.190,1.020,1.310,1.200,1.590,1.410
EarningsPerShareDiluted,0.640,1.360,0.690,0.770,0.750,0.630,0.790,1.040,0.930,0.760,0.860,1.360,0.690,1.170,0.960,1.270,1.180,1.010,1.300,1.190,1.590,1.400
EffectOfExchangeRateOnCashAndCashEquivalents,-29600000.000,,,,31200000.000,,,,-50300000.000,,,2800000.000,,,-64200000.000,,,36900000.000,,,,
EffectiveIncomeTaxRateReconciliationAtFederalStatutoryIncomeTaxRate,,,,,,,,,,,,0.350,,,0.350,,,0.350,,,,0.350
ExcessTaxBenefitFromShareBasedCompensationFinancingActivities,6400000.000,,,,7700000.000,,,,16200000.000,,,48400000.000,,,39200000.000,,,27200000.000,,,,
ExcessTaxBenefitFromShareBasedCompensationOperatingActivities,6400000.000,,,,7700000.000,,,,16200000.000,,,48400000.000,,,39200000.000,,,27200000.000,,,,
GainLossOnInvestments,,,,,,,,,,,,,,,,,,2000000.000,,,,
GainsLossesOnExtinguishmentOfDebt,,,,,-500000.000,,,,,,,,,,-3000000.000,,,,,,,
IncomeLossFromContinuingOperations,247200000.000,217600000.000,265300000.000,289500000.000,277000000.000,292400000.000,299400000.000,389600000.000,340800000.000,277600000.000,317700000.000,543100000.000,278500000.000,469900000.000,,,477300000.000,402300000.000,516800000.000,473500000.000,632700000.000,551400000.000
IncomeLossFromContinuingOperationsBeforeIncomeTaxesExtraordinaryItemsNoncontrollingInterest,,,264700000.000,,305000000.000,318400000.000,296400000.000,349600000.000,342900000.000,280000000.000,319000000.000,774400000.000,236500000.000,539200000.000,382000000.000,503600000.000,468100000.000,423000000.000,521100000.000,427900000.000,651900000.000,502900000.000
IncomeLossFromContinuingOperationsPerBasicShare,0.640,0.570,0.700,0.770,0.750,0.800,0.830,1.080,0.950,0.770,0.880,1.380,0.700,1.170,,,1.200,1.020,1.310,1.200,1.600,1.410
IncomeLossFromContinuingOperationsPerDilutedShare,0.630,0.560,0.690,0.770,0.750,0.790,0.820,1.070,0.940,0.760,0.860,1.360,0.690,1.160,,,1.190,1.010,1.300,1.190,1.600,1.400
IncomeLossFromDiscontinuedOperationsNetOfTax,,,,,,,,,,,,,,,,,,-100000.000,-200000.000,0.000,-3200000.000,0.000
IncomeLossFromDiscontinuedOperationsNetOfTaxPerBasicShare,0.010,0.800,0.000,0.000,0.000,-0.160,-0.020,-0.040,-0.010,0.000,0.000,0.000,0.000,0.000,,,0.000,0.000,0.000,0.000,-0.010,0.000
IncomeLossFromDiscontinuedOperationsNetOfTaxPerDilutedShare,0.010,0.790,0.000,0.010,0.000,-0.160,-0.020,-0.040,-0.010,0.000,0.000,0.000,0.000,0.000,,,0.000,0.000,0.000,0.000,-0.010,0.000
IncomeTaxExpenseBenefit,51800000.000,38000000.000,-600000.000,17800000.000,28000000.000,26000000.000,-3000000.000,-40000000.000,2100000.000,2400000.000,1300000.000,231300000.000,-42000000.000,69300000.000,-3100000.000,-8000000.000,-9200000.000,20700000.000,4300000.000,-45600000.000,19200000.000,-48500000.000
IncomeTaxReconciliationChangeInEnactedTaxRate,,,,,,,,,,,,-20500000.000,,,700000.000,,,8900000.000,,,,-62900000.000
IncomeTaxReconciliationDeductionsQualifiedProductionActivities,,,,,,,,,,,,0.000,,,7600000.000,,,6700000.000,,,,7700000.000
IncomeTaxReconciliationDispositionOfBusiness,,,,,,,,,,,,-61900000.000,,,0.000,,,,,,,
IncomeTaxReconciliationForeignIncomeTaxRateDifferential,,,,,,,,,,,,-6100000.000,,,-23800000.000,,,-47300000.000,,,,-84400000.000
IncomeTaxReconciliationIncomeTaxExpenseBenefitAtFederalStatutoryIncomeTaxRate,,,,,,,,,,,,271000000.000,,,133700000.000,,,148100000.000,,,,176000000.000
IncomeTaxReconciliationNondeductibleExpense,,,,,,,,,,,,0.000,,,1900000.000,,,1700000.000,,,,2500000.000
IncomeTaxReconciliationOtherAdjustments,,,,,,,,,,,,200000.000,,,-100000.000,,,1000000.000,,,,-1300000.000
IncomeTaxReconciliationPriorYearIncomeTaxes,,,,,,,,,,,,,,,,,,-2000000.000,,,,
IncomeTaxReconciliationRepatriationOfForeignEarnings,,,,,,,,,,,,,,,27000000.000,,,16000000.000,,,,
IncomeTaxReconciliationStateAndLocalIncomeTaxes,,,,,,,,,,,,23300000.000,,,-1600000.000,,,-1500000.000,,,,-800000.000
IncomeTaxReconciliationTaxContingencies,,,,,,,,,,,,25300000.000,,,0.000,,,,,,,
IncomeTaxReconciliationTaxCredits,,,,,,,,,,,,0.000,,,103100000.000,,,77800000.000,,,,41400000.000
IncomeTaxReconciliationTaxCreditsForeign,,,,,,,,,,,,,,,77000000.000,,,46000000.000,,,,
IncomeTaxReconciliationTaxHolidays,,,,,,,,,,,,,,,3200000.000,,,3700000.000,,,,4600000.000
IncreaseDecreaseInAccountsPayable,68300000.000,,,,68300000.000,,,,42500000.000,,,-9800000.000,,,34800000.000,,,34800000.000,,,,114000000.000
IncreaseDecreaseInAccountsReceivable,-64000000.000,,,,69200000.000,,,,130800000.000,,,192600000.000,,,124700000.000,,,29900000.000,,,,18000000.000
IncreaseDecreaseInDeferredIncomeTaxes,-43000000.000,,,,43600000.000,,,,16000000.000,,,207000000.000,,,102400000.000,,,88800000.000,,,,127300000.000
IncreaseDecreaseInInventories,-63100000.000,,,,76900000.000,,,,67900000.000,,,32100000.000,,,81300000.000,,,56200000.000,,,,105100000.000
IncreaseDecreaseInOtherOperatingAssets,9000000.000,,,,31000000.000,,,,27200000.000,,,-4200000.000,,,37600000.000,,,38700000.000,,,,133800000.000
IncreaseDecreaseInOtherOperatingLiabilities,-32000000.000,,,,-15000000.000,,,,-88600000.000,,,267200000.000,,,-395400000.000,,,-353400000.000,,,,-302800000.000
IncreaseDecreaseInRestrictedCash,,,,,,,,,,,,,,,-900000.000,,,,,,,
IncrementalCommonSharesAttributableToConversionOfDebtSecurities,2200000.000,0.000,0.000,-1600000.000,0.000,0.000,0.000,0.000,,,,,,,,,,,,,,
IncrementalCommonSharesAttributableToEquityForwardAgreements,,,,,,,,,,,2500000.000,700000.000,0.000,0.000,0.000,0.000,0.000,,,,,
IncrementalCommonSharesAttributableToShareBasedPaymentArrangements,3800000.000,4000000.000,3200000.000,-7600000.000,2800000.000,2200000.000,2800000.000,-5000000.000,3600000.000,3500000.000,3600000.000,4400000.000,3700000.000,3800000.000,3600000.000,3100000.000,3000000.000,2900000.000,2800000.000,2700000.000,-5800000.000,3100000.000
InterestExpense,27800000.000,38900000.000,49500000.000,59100000.000,57700000.000,57400000.000,60300000.000,66200000.000,64400000.000,64400000.000,64300000.000,117800000.000,129100000.000,116800000.000,108400000.000,102900000.000,100600000.000,106200000.000,118800000.000,113300000.000,131300000.000,135400000.000
InvestmentIncomeInterest,5000000.000,6600000.000,6800000.000,8500000.000,6400000.000,6700000.000,5900000.000,6200000.000,7200000.000,7100000.000,7100000.000,11900000.000,16000000.000,10500000.000,7000000.000,7700000.000,7200000.000,10800000.000,13200000.000,10400000.000,14000000.000,18500000.000
NetCashProvidedByUsedInFinancingActivities,1651500000.000,,,,-585000000.000,,,,-27800000.000,,,7635100000.000,,,-100400000.000,,,1188000000.000,,,,-119300000.000
NetCashProvidedByUsedInFinancingActivitiesContinuingOperations,1651500000.000,,,,-585000000.000,,,,-27800000.000,,,7635100000.000,,,-100400000.000,,,1188000000.000,,,,-119300000.000
NetCashProvidedByUsedInInvestingActivities,-88900000.000,,,,-66200000.000,,,,-67100000.000,,,-12067900000.000,,,-394300000.000,,,-1139300000.000,,,,-381900000.000
NetCashProvidedByUsedInInvestingActivitiesContinuingOperations,-86900000.000,,,,-66000000.000,,,,-67100000.000,,,-12067900000.000,,,-394300000.000,,,-1139300000.000,,,,-381900000.000
NetCashProvidedByUsedInOperatingActivities,338600000.000,,,,392000000.000,,,,298300000.000,,,101200000.000,,,80000000.000,,,289100000.000,,,,361500000.000
NetCashProvidedByUsedInOperatingActivitiesContinuingOperations,325900000.000,,,,392500000.000,,,,299100000.000,,,102200000.000,,,82100000.000,,,290600000.000,,,,362400000.000
NetIncomeLoss,252200000.000,523400000.000,265400000.000,288900000.000,277300000.000,233800000.000,290400000.000,376400000.000,336200000.000,277400000.000,317600000.000,543100000.000,,,,,,,,,,
NetIncomeLossAvailableToCommonStockholdersBasic,,,,,,,,,,,,,278500000.000,471600000.000,385100000.000,511600000.000,476100000.000,402200000.000,516600000.000,473500000.000,629500000.000,551400000.000
NoncashOrPartNoncashAcquisitionValueOfAssetsAcquired1,,,,,,,,,,,,19640100000.000,,,305000000.000,,,1669000000.000,,,,376500000.000
NoncashOrPartNoncashAcquisitionValueOfLiabilitiesAssumed1,,,,,,,,,,,,6111200000.000,,,6300000.000,,,559600000.000,,,,64700000.000
OciBeforeReclassificationsNetOfTaxAttributableToParent,,,,,,,,,,,,,,,,,,128400000.000,,,,159100000.000
OperatingIncomeLoss,321500000.000,265800000.000,315000000.000,342900000.000,354900000.000,367800000.000,352200000.000,407200000.000,387100000.000,375400000.000,392100000.000,875500000.000,348100000.000,640300000.000,487300000.000,595800000.000,562900000.000,517900000.000,637600000.000,541100000.000,752600000.000,622400000.000
OtherComprehensiveIncomeAvailableForSaleSecuritiesAdjustmentNetOfTaxPeriodIncreaseDecrease,400000.000,800000.000,800000.000,1600000.000,0.000,100000.000,,,,,,,,,,,,,,,,
OtherComprehensiveIncomeAvailableForSaleSecuritiesTax,,,,,0.000,-100000.000,,,,,,,,,,,,,,,,
OtherComprehensiveIncomeAvailableforsaleSecuritiesAdjustmentNetOfTaxPortionAttributableToParent,,,,,,,0.000,,,,,,,,,,,,,,,
OtherComprehensiveIncomeAvailableforsaleSecuritiesTaxPortionAttributableToParent,,,,,,,-200000.000,,,,,,,,,,,,,,,
OtherComprehensiveIncomeDefinedBenefitPlansAdjustmentNetOfTaxPeriodIncreaseDecrease,100000.000,-800000.000,1600000.000,-71400000.000,-700000.000,2900000.000,,,,,,,,,,,,,,,,
OtherComprehensiveIncomeDefinedBenefitPlansAdjustmentNetOfTaxPortionAttributableToParent,,,,,,,200000.000,,,,,,,,,,,,,,,
OtherComprehensiveIncomeDefinedBenefitPlansTax,,,,,100000.000,-1200000.000,,,,,,,,,,,,,,,,
OtherComprehensiveIncomeDefinedBenefitPlansTaxPortionAttributableToParent,,,,,,,0.000,,,,,,,,,,,,,,,
OtherComprehensiveIncomeDerivativesQualifyingAsHedgesNetOfTaxPeriodIncreaseDecrease,,,-42100000.000,,800000.000,800000.000,,,,,,,,,,,,,,,,
OtherComprehensiveIncomeDerivativesQualifyingAsHedgesNetOfTaxPortionAttributableToParent,,,,,,,800000.000,,,,,,,,,,,,,,,
OtherComprehensiveIncomeDerivativesQualifyingAsHedgesTaxEffectPeriodIncreaseDecrease,,,,,-500000.000,-500000.000,,,,,,,,,,,,,,,,
OtherComprehensiveIncomeDerivativesQualifyingAsHedgesTaxPortionAttributableToParent,,,,,,,500000.000,,,,,,,,,,,,,,,
OtherComprehensiveIncomeForeignCurrencyTransactionAndTranslationAdjustmentNetOfTaxPeriodIncreaseDecrease,119800000.000,96100000.000,-505700000.000,-51000000.000,248500000.000,-310600000.000,,,,,,,,,,,,,,,,
OtherComprehensiveIncomeForeignCurrencyTransactionAndTranslationAdjustmentNetOfTaxPortionAttributableToParent,,,,,,,256800000.000,,-179300000.000,-135700000.000,308800000.000,14300000.000,-50700000.000,-619500000.000,-563100000.000,220900000.000,-263600000.000,169900000.000,-220700000.000,-77000000.000,-438900000.000,160000000.000
OtherComprehensiveIncomeLossBeforeReclassificationsNetOfTax,,,,,,,,,,,,12400000.000,,,-564400000.000,,,,,,,
OtherComprehensiveIncomeLossNetOfTaxPeriodIncreaseDecrease,120400000.000,102000000.000,-545400000.000,-120100000.000,248600000.000,-306800000.000,,,,,,,,,,,,,,,,
OtherComprehensiveIncomeLossNetOfTaxPortionAttributableToParent,,,,,,,257400000.000,,-178900000.000,-126700000.000,305600000.000,14400000.000,-48900000.000,-612600000.000,-561600000.000,251300000.000,-291300000.000,130600000.000,-215400000.000,-72600000.000,-481600000.000,162800000.000
OtherComprehensiveIncomeLossPensionAndOtherPostretirementBenefitPlansAdjustmentBeforeReclassificationAdjustmentsNetOfTax,,,,,,,,,-4500000.000,300000.000,4400000.000,1900000.000,700000.000,-4900000.000,-6600000.000,3200000.000,1000000.000,3400000.000,-2300000.000,0.000,45800000.000,2000000.000
OtherComprehensiveIncomeLossPensionAndOtherPostretirementBenefitPlansBeforeReclassificationAdjustmentsTax,,,,,,,,,1600000.000,100000.000,1700000.000,600000.000,300000.000,-2100000.000,-2900000.000,1200000.000,200000.000,1100000.000,-1000000.000,-100000.000,16600000.000,700000.000
OtherComprehensiveIncomeLossReclassificationAdjustmentForSaleOfSecuritiesIncludedInNetIncomeNetOfTax,,,,,,,,,-8000000.000,0.000,,,,,,,,,,,,
OtherComprehensiveIncomeLossReclassificationAdjustmentForSaleOfSecuritiesIncludedInNetIncomeTax,,,,,,,,,-2500000.000,0.000,,,,,,,,,,,,
OtherComprehensiveIncomeLossReclassificationAdjustmentFromAOCIForSaleOfSecuritiesNetOfTax,,,,,,,,,,,0.000,0.000,1400000.000,0.000,,0.000,0.000,,,-700000.000,,
OtherComprehensiveIncomeLossReclassificationAdjustmentFromAOCIForSaleOfSecuritiesTax,,,,,,,,,,,0.000,,0.000,,,,,,,-200000.000,,
OtherComprehensiveIncomeLossReclassificationAdjustmentFromAOCIOnDerivativesNetOfTax,,,,,,,,,,,-800000.000,-700000.000,-800000.000,-700000.000,-1100000.000,-800000.000,-600000.000,-800000.000,-1700000.000,-1800000.000,-1800000.000,-1800000.000
OtherComprehensiveIncomeLossReclassificationAdjustmentFromAOCIOnDerivativesTax,,,,,,,,,,,-600000.000,-400000.000,-500000.000,-500000.000,-100000.000,-500000.000,-500000.000,-500000.000,-900000.000,-1200000.000,-1100000.000,-1100000.000
OtherComprehensiveIncomeLossReclassificationAdjustmentFromAOCIPensionAndOtherPostretirementBenefitPlansForNetGainLossNetOfTax,,,,,,,,,,,-2000000.000,-1300000.000,-1300000.000,-1400000.000,-1700000.000,-1900000.000,-1600000.000,,,,,
OtherComprehensiveIncomeLossReclassificationAdjustmentFromAOCIPensionAndOtherPostretirementBenefitPlansForNetGainLossTax,,,,,,,,,,,-800000.000,-600000.000,-600000.000,-500000.000,-700000.000,-500000.000,-700000.000,,,,,
OtherComprehensiveIncomeLossReclassificationAdjustmentFromAOCIPensionAndOtherPostretirementBenefitPlansNetOfTax,,,,,,,,,,,,,,,,,,1400000.000,1300000.000,1400000.000,1900000.000,1900000.000
OtherComprehensiveIncomeLossReclassificationAdjustmentFromAOCIPensionAndOtherPostretirementBenefitPlansTax,,,,,,,,,,,,,,,,,,300000.000,600000.000,500000.000,600000.000,700000.000
OtherComprehensiveIncomeLossReclassificationAdjustmentOnDerivativesIncludedInNetIncomeNetOfTax,,,,,,,,,800000.000,800000.000,,,,,,,,,,,,
OtherComprehensiveIncomeLossReclassificationAdjustmentOnDerivativesIncludedInNetIncomeTax,,,,,,,,,500000.000,500000.000,,,,,,,,,,,,
OtherComprehensiveIncomeLossReclassificationPensionAndOtherPostretirementBenefitPlansNetGainLossRecognizedInNetPeriodicBenefitCostTax,,,,,,,,,900000.000,900000.000,,,,,,,,,,,,
OtherComprehensiveIncomeReclassificationAdjustmentOnDerivativesIncludedInNetIncomeNetOfTax,-100000.000,-5900000.000,,,800000.000,,,,,,,,,,,,,,,,,
OtherComprehensiveIncomeReclassificationOfDefinedBenefitPlansNetGainLossRecognizedInNetPeriodicBenefitCostNetOfTax,,,,,1100000.000,,,,1900000.000,1900000.000,,,,,,,,,,,,
OtherComprehensiveIncomeUnrealizedGainLossOnDerivativesArisingDuringPeriodNetOfTax,,,,,,,,,,6700000.000,-1700000.000,,0.000,0.000,-8000000.000,31000000.000,-28700000.000,-36600000.000,0.000,0.000,0.000,0.000
OtherComprehensiveIncomeUnrealizedGainLossOnDerivativesArisingDuringPeriodTax,,,,,,,,,,4100000.000,-1100000.000,,,,-4900000.000,19000000.000,-17700000.000,-22400000.000,0.000,0.000,0.000,
OtherComprehensiveIncomeUnrealizedHoldingGainLossOnSecuritiesArisingDuringPeriodNetOfTax,,,,,,,,,1200000.000,-100000.000,100000.000,0.000,1800000.000,-100000.000,100000.000,-100000.000,-200000.000,-1500000.000,0.000,500000.000,-600000.000,1100000.000
OtherComprehensiveIncomeUnrealizedHoldingGainLossOnSecuritiesArisingDuringPeriodTax,,,,,,,,,-400000.000,-100000.000,100000.000,,100000.000,-200000.000,0.000,0.000,-200000.000,-400000.000,100000.000,100000.000,-100000.000,300000.000
OtherNoncashIncomeExpense,,,,,-12000000.000,,,,1200000.000,,,-16500000.000,,,-15800000.000,,,-14200000.000,,,,-28300000.000
OtherNonoperatingIncomeExpense,300000.000,22100000.000,-7600000.000,15000000.000,1400000.000,1300000.000,-1400000.000,2400000.000,13000000.000,-38100000.000,-15900000.000,4800000.000,1500000.000,5200000.000,-3900000.000,3000000.000,-1400000.000,500000.000,-10900000.000,-10300000.000,16600000.000,-2600000.000
PaymentsForHedgeFinancingActivities,,,,,,,,,,,,,,,,,,,75000000.000,,,
PaymentsForPreviousAcquisition,,,,,,,,,,,,,,,8000000.000,,,1000000.000,,,,
PaymentsForProceedsFromOtherInvestingActivities,400000.000,,,,900000.000,,,,300000.000,,,-100000.000,,,2000000.000,,,-2200000.000,,,,600000.000
PaymentsForRepurchaseOfCommonStock,537500000.000,,,,300000000.000,,,,89800000.000,,,0.000,,,500000000.000,,,1000000000.000,,,,500000000.000
PaymentsForRestructuring,,,,,,,,,,,,,,,,,,21700000.000,,,,32400000.000
PaymentsOfDividendsCommonStock,,,,,,,,,54000000.000,,,54900000.000,,,60800000.000,,,60300000.000,,,,59100000.000
PaymentsToAcquireBusinessesGross,1100000.000,,,,0.000,,,,,,,13528900000.000,,,298700000.000,,,1109400000.000,,,,311800000.000
PaymentsToAcquireBusinessesNetOfCashAcquired,23700000.000,,,,500000.000,,,,3800000.000,,,13056300000.000,,,298600000.000,,,1032400000.000,,,,300700000.000
PaymentsToAcquirePropertyPlantAndEquipment,63700000.000,,,,69400000.000,,,,66000000.000,,,104700000.000,,,97200000.000,,,115100000.000,,,,93400000.000
PensionAndOtherPostretirementBenefitContributions,8000000.000,,,,8500000.000,,,,19600000.000,,,18800000.000,,,18000000.000,,,22200000.000,,,,172500000.000
ProceedsFromDivestitureOfBusinessesNetOfCashDivested,,,,,,,,,,,,1056600000.000,,,0.000,,,,,,,
ProceedsFromHedgeFinancingActivities,,,,,,,,,,,,,,,,,,,61000000.000,,,
ProceedsFromIssuanceOfCommercialPaper,,,,,,,,,,,,,,,,,,,,,,2361100000.000
ProceedsFromIssuanceOfCommonStock,44500000.000,,,,55100000.000,,,,101800000.000,,,2942000000.000,,,0.000,,,,,,,
ProceedsFromIssuanceOfLongTermDebt,2176400000.000,,,,0.000,,,,,,,4999800000.000,,,0.000,,,998900000.000,,,,519000000.000
ProceedsFromPaymentsForOtherFinancingActivities,,,,,,,,,,,,,,,-6300000.000,,,-400000.000,,,,0.000
ProceedsFromRepaymentsOfCommercialPaper,,,,,-349600000.000,,,,0.000,,,208100000.000,,,1218900000.000,,,1174000000.000,,,,
ProceedsFromRepaymentsOfShortTermDebt,-2800000.000,,,,2200000.000,,,,-1500000.000,,,5100000.000,,,0.000,,,,,,,
ProceedsFromSaleOfOtherInvestments,,,,,,,,,,,,33000000.000,,,2000000.000,,,,,,,11700000.000
ProceedsFromSaleOfPropertyPlantAndEquipment,900000.000,,,,4800000.000,,,,3000000.000,,,3400000.000,,,600000.000,,,6000000.000,,,,1100000.000
ProceedsFromStockOptionsExercised,,,,,,,,,,,,87500000.000,,,60000000.000,,,50000000.000,,,,58200000.000
ProductWarrantyAccrualAdditionsFromBusinessAcquisition,,,,,,,,,,,,7200000.000,,,500000.000,,,1100000.000,,,,500000.000
ProductWarrantyAccrualCurrencyTranslationIncreaseDecrease,,,,,,,,,,,,,,,-1900000.000,,,1000000.000,,,,
ProductWarrantyAccrualPayments,12700000.000,,,,14300000.000,,,,18900000.000,,,18400000.000,,,18300000.000,,,20300000.000,,,,24600000.000
ProductWarrantyAccrualPreexistingIncreaseDecrease,-100000.000,,,,0.000,,,,200000.000,,,600000.000,,,-100000.000,,,-600000.000,,,,-600000.000
ProductWarrantyAccrualWarrantiesIssued,11000000.000,,,,13200000.000,,,,17800000.000,,,19000000.000,,,17200000.000,,,21900000.000,,,,25300000.000
ReclassificationFromAccumulatedOtherComprehensiveIncomeCurrentPeriodNetOfTax,,,,,,,,,,,,-2000000.000,,,-2800000.000,,,,,,,
ReclassificationFromAociCurrentPeriodNetOfTaxAttributableToParent,,,,,,,,,,,,,,,,,,-2200000.000,,,,-3700000.000
RepaymentsOfCommercialPaper,,,,,,,,,,,,,,,,,,,,,,1795300000.000
RepaymentsOfConvertibleDebt,35200000.000,,,,0.000,,,,,,,,,,,,,,,,,
RepaymentsOfLongTermDebt,,,,,,,,,,,,,,,,,,1400000.000,,,,703200000.000
RepaymentsOfOtherLongTermDebt,300000.000,,,,400000.000,,,,500000.000,,,600900000.000,,,851400000.000,,,,,,,
ResearchAndDevelopmentExpense,,,,,,,92000000.000,,98200000.000,96700000.000,95900000.000,149700000.000,183700000.000,175200000.000,165800000.000,174600000.000,171600000.000,176500000.000,182400000.000,183300000.000,212600000.000,215400000.000
RestrictedStockExpense,8600000.000,8000000.000,6800000.000,7400000.000,7100000.000,10200000.000,10500000.000,11100000.000,10800000.000,12700000.000,12500000.000,14500000.000,19100000.000,18900000.000,17800000.000,20200000.000,21400000.000,22800000.000,23700000.000,24500000.000,21200000.000,22800000.000
RestructuringCharges,,,,,,,,,,,,,,,,,,67800000.000,,,,21300000.000
RestructuringReserveAccrualAdjustment,,,,,,,,,,,,,,,,,,400000.000,,,,
RestructuringReserveAccrualAdjustment1,,,,,,,,,,,,,,,,,,,,,,-3200000.000
RestructuringReserveTranslationAdjustment,,,,,,,,,,,,,,,,,,-200000.000,,,,100000.000
Revenues,2721400000.000,2897400000.000,2973500000.000,3133600000.000,3100300000.000,3108100000.000,3085700000.000,3215800000.000,3191500000.000,3240100000.000,3191800000.000,3903500000.000,4321900000.000,4171400000.000,3918800000.000,4270900000.000,4123200000.000,4294800000.000,4535200000.000,4490900000.000,4953200000.000,4765000000.000
SalesRevenueGoodsNet,2336100000.000,2472600000.000,2555900000.000,2688000000.000,2668500000.000,2678700000.000,2651000000.000,2779400000.000,2723500000.000,2786800000.000,2730800000.000,3375400000.000,3778000000.000,3628500000.000,3387600000.000,3677200000.000,3570300000.000,3690400000.000,3896100000.000,3866500000.000,4259300000.000,4102100000.000
SalesRevenueNet,2721400000.000,2897400000.000,2973500000.000,3133600000.000,3100300000.000,3108100000.000,3085700000.000,3215800000.000,3191500000.000,3240100000.000,3191800000.000,3903500000.000,4321900000.000,4171400000.000,3918800000.000,4270900000.000,4123200000.000,4294800000.000,4535200000.000,4490900000.000,4953200000.000,4765000000.000
SalesRevenueServicesNet,385300000.000,424800000.000,417600000.000,445600000.000,431800000.000,429400000.000,434700000.000,436400000.000,468000000.000,453300000.000,461000000.000,528100000.000,543900000.000,542900000.000,531200000.000,593700000.000,552900000.000,604400000.000,639100000.000,624400000.000,693900000.000,662900000.000
SegmentReportingInformationOperatingIncomeLoss,478200000.000,510300000.000,,,,,,,,,,,,,,,,,,,,
SellingGeneralAndAdministrativeExpense,708700000.000,777200000.000,809700000.000,830900000.000,830000000.000,835000000.000,839000000.000,850900000.000,829500000.000,869600000.000,848500000.000,1177000000.000,1253800000.000,1228700000.000,1137400000.000,1151000000.000,1133300000.000,1212900000.000,1223100000.000,1274600000.000,1265300000.000,1331200000.000
ShareBasedCompensation,21600000.000,20300000.000,18800000.000,19500000.000,17300000.000,20300000.000,20300000.000,20300000.000,20400000.000,23300000.000,22900000.000,25200000.000,30800000.000,30600000.000,28200000.000,31100000.000,32500000.000,33400000.000,33700000.000,34900000.000,31500000.000,33000000.000
ShareBasedCompensationArrangementByShareBasedPaymentAwardEquityInstrumentsOtherThanOptionsGrantsInPeriod,500000.000,,,,1000000.000,,,,800000.000,,,900000.000,,,900000.000,,,700000.000,,,,700000.000
ShareBasedCompensationArrangementByShareBasedPaymentAwardOptionsGrantsInPeriod,3400000.000,,,,2700000.000,,,,1800000.000,,,2400000.000,,,1700000.000,,,1600000.000,,,,1800000.000
StandardAndExtendedProductWarrantyAccrualForeignCurrencyTranslationGainLoss,,,,,,,,,,,,,,,,,,,,,,-800000.000
StockIssued1,,,,,26100000.000,,,,50500000.000,,,73600000.000,,,76700000.000,,,44500000.000,,,,34300000.000
StockIssuedDuringPeriodValueNewIssues,,,,,,,,,,,,2942300000.000,,,,,,,,,,
StockIssuedDuringPeriodValueShareBasedCompensation,,,,,49700000.000,,,,86800000.000,,,61400000.000,,,35900000.000,,,40500000.000,,,,67600000.000
StockOptionPlanExpense,13000000.000,12300000.000,12000000.000,12100000.000,10200000.000,10100000.000,9800000.000,9200000.000,9600000.000,10600000.000,10400000.000,10700000.000,11700000.000,11700000.000,10400000.000,10900000.000,11100000.000,10600000.000,10000000.000,10400000.000,10300000.000,10200000.000
TransferOfInvestments,,,,,,,,,27100000.000,,,,,,,,,,,,,
TranslationAdjustmentForNetInvestmentHedgeIncreaseDecreaseGrossOfTax,,,,,,,,,,,,,,,,,,-83000000.000,,,,-47000000.000
TranslationAdjustmentForNetInvestmentHedgeIncreaseDecreaseNetOfTax,,,,,,,,,,,,,,,77100000.000,,,,,,,
TreasuryStockValueAcquiredCostMethod,,,,,300000000.000,,,,89800000.000,,,,,,500000000.000,,,1000000000.000,,,,500000000.000
UndistributedEarningsAllocatedToParticipatingSecurities,,,0.000,,,,,,,,,,,,,,,,,,,
UnrecognizedTaxBenefitsDecreasesResultingFromPriorPeriodTaxPositions,,,,,,,,,,,,,,,,,,,,,,13000000.000
UnrecognizedTaxBenefitsIncreasesResultingFromAcquisition,,,,,,,,,,,,100300000.000,,,,,,,,,,
UnrecognizedTaxBenefitsIncreasesResultingFromCurrentPeriodTaxPositions,,,,,,,,,,,,25300000.000,,,,,,,,,,
WeightedAverageNumberOfDilutedSharesOutstanding,394600000.000,385900000.000,382700000.000,-778400000.000,370100000.000,369200000.000,365400000.000,-738100000.000,361700000.000,363500000.000,367300000.000,398400000.000,403100000.000,403700000.000,401400000.000,401500000.000,402000000.000,398700000.000,396700000.000,397400000.000,-795400000.000,394100000.000
WeightedAverageNumberOfSharesOutstandingBasic,388600000.000,381900000.000,379500000.000,-769200000.000,367300000.000,367000000.000,362600000.000,-733100000.000,358100000.000,360000000.000,361200000.000,393300000.000,399400000.000,399900000.000,397800000.000,398400000.000,399000000.000,395800000.000,393900000.000,394700000.000,-789600000.000,391000000.000
