,2011-06-30,2011-09-30,2011-12-31,2012-03-31,2012-06-30,2012-09-30,2012-12-31,2013-03-31,2013-06-30,2013-09-30,2013-12-31,2014-03-31,2014-06-30,2014-09-30,2014-12-31,2015-03-31,2015-06-30,2015-09-30,2015-12-31,2016-03-31,2016-06-30,2016-09-30,2016-12-31,2017-03-31
AdjustmentsToAdditionalPaidInCapitalShareBasedCompensationRestrictedStockUnitsRequisiteServicePeriodRecognition,,,,,,,,,,,,,992000.000,,,,2456000.000,,,,,,,
AdjustmentsToAdditionalPaidInCapitalSharebasedCompensationAndExerciseOfStockOptions,,,,,,,,,,,,,,,,,,,,,277000.000,,,
AntidilutiveSecuritiesExcludedFromComputationOfEarningsPerShareAmount,,,,,26586.000,54694.000,93561.000,-92083.000,17755.000,2854.000,,,,27138.000,158575.000,,268227.000,317518.000,455663.000,-552083.000,475873.000,525161.000,193238.000,-1193039.000
AssetImpairmentCharges,2315000.000,256000.000,1037000.000,-1000.000,2774000.000,790000.000,2074000.000,2440000.000,3872000.000,175000.000,3691000.000,1603000.000,950000.000,910000.000,6236000.000,6429000.000,14958000.000,31672000.000,15141000.000,55540000.000,36886000.000,129562000.000,253422000.000,64857000.000
CashAndCashEquivalentsPeriodIncreaseDecrease,-49297000.000,,,,-80136000.000,,,,24244000.000,,,,-6908000.000,,,,24416000.000,,,,-9778000.000,,,
CommonStockDividendsPerShareDeclared,0.250,0.250,0.250,0.250,0.250,0.250,0.250,0.250,0.250,0.250,0.250,0.250,0.250,0.250,0.250,0.250,0.250,0.250,0.250,0.000,,,,
ComprehensiveIncomeNetOfTax,24653000.000,-5739000.000,34273000.000,33078000.000,32348000.000,41892000.000,33066000.000,45633000.000,30311000.000,54115000.000,13104000.000,47641000.000,44047000.000,60974000.000,-160919000.000,-17604000.000,-14967000.000,-44446000.000,-19211000.000,-68240000.000,-88411000.000,-177432000.000,-296776000.000,-90870000.000
CostsAndExpenses,223146000.000,256375000.000,230920000.000,243012000.000,244961000.000,254721000.000,268492000.000,269759000.000,290660000.000,291372000.000,344760000.000,306770000.000,319673000.000,312801000.000,601134000.000,299090000.000,290685000.000,289567000.000,227591000.000,240743000.000,234060000.000,299066000.000,416249000.000,230089000.000
DeferredIncomeTaxExpenseBenefit,-7908000.000,,,,-2654000.000,,,,-12151000.000,,,,2432000.000,,,,64000.000,,,,,,,
DefinedBenefitPlanContributionsByEmployer,,,,,0.000,,,,,,,,,,,,,,,,,,,
DepreciationAndAmortization,33749000.000,33807000.000,35215000.000,35585000.000,35784000.000,36047000.000,37181000.000,38287000.000,40108000.000,42056000.000,42391000.000,42925000.000,43111000.000,43708000.000,43331000.000,45054000.000,45657000.000,45979000.000,45422000.000,45251000.000,44552000.000,43845000.000,41302000.000,37592000.000
DepreciationNonproduction,793000.000,981000.000,973000.000,968000.000,,,,,,,,,,,,,,,,,,,,
DerivativeInstrumentsNotDesignatedAsHedgingInstrumentsGainLossNet,33500.000,,,,,,,,,,,,,,,,,,,,,,,
DirectOperatingCosts,152302000.000,161290000.000,155838000.000,168707000.000,165828000.000,177055000.000,180895000.000,185640000.000,196161000.000,195316000.000,197679000.000,206734000.000,217244000.000,212819000.000,210365000.000,193940000.000,179281000.000,158612000.000,125094000.000,98146000.000,108874000.000,87094000.000,82358000.000,80845000.000
Dividends,,,,,12625000.000,,,,12499000.000,,,,,,,,,,,,,,,
DividendsCommonStockCash,12969000.000,12975000.000,12844000.000,12582000.000,12625000.000,12544000.000,12405000.000,12192000.000,12499000.000,12536000.000,12396000.000,12542000.000,12589000.000,12611000.000,12029000.000,11898000.000,11340000.000,11814000.000,11811000.000,0.000,,,0.000,
EarningsPerShareBasic,0.480,-0.100,0.670,0.660,0.650,0.840,0.610,0.940,0.610,1.100,0.250,0.880,0.880,1.230,-3.310,-0.140,-0.320,-0.930,-0.420,-1.740,-1.890,-3.790,-6.320,-2.020
EarningsPerShareDiluted,0.480,-0.090,0.670,0.640,0.650,0.830,0.610,0.940,0.610,1.090,0.250,0.870,0.880,1.220,-3.310,-0.130,-0.320,-0.930,-0.420,-1.740,-1.890,-3.790,-6.320,-2.020
EffectiveIncomeTaxRateContinuingOperations,0.230,0.117,0.085,-0.219,0.240,0.249,0.200,-0.461,0.240,0.224,-0.016,-0.258,0.240,0.257,0.272,-0.753,,,,,,,,
EffectiveIncomeTaxRateReconciliationAtFederalStatutoryIncomeTaxRate,,,,,,,,,0.350,,,,0.350,,,,,,,,,,,
ExcessTaxBenefitFromShareBasedCompensationFinancingActivities,17000.000,,,,49000.000,,,,12000.000,,,,,,,,,,,,,,,
ExcessTaxBenefitFromShareBasedCompensationOperatingActivities,17000.000,,,,49000.000,,,,12000.000,,,,,,,,,,,,,,,
FairValueOfAssetsAcquired,,,,,7331000.000,,,,130000.000,,,,5236000.000,,,,421000.000,,,,2537000.000,,,
ForeignCurrencyTransactionGainLossBeforeTax,814000.000,1659000.000,-1738000.000,2574000.000,-1751000.000,529000.000,52000.000,4181000.000,-89000.000,3017000.000,1341000.000,-2728000.000,-1289000.000,5408000.000,4334000.000,225000.000,-4133000.000,844000.000,-469000.000,-1645000.000,-2733000.000,-2539000.000,2970000.000,664000.000
GainLossOnDispositionOfAssets,1717000.000,9458000.000,2496000.000,3986000.000,838000.000,1833000.000,99000.000,3839000.000,2140000.000,49000.000,7170000.000,2363000.000,2943000.000,3590000.000,-1537000.000,4275000.000,-7607000.000,6111000.000,5883000.000,21650000.000,5643000.000,6253000.000,6139000.000,6064000.000
GainsLossesOnExtinguishmentOfDebt,,,,,,,,,,-4144000.000,,,,,,,,,,,,,,
GainsLossesOnSalesOfAssets,,,,,,,,,,,,,,,,,1500000.000,,,,,,,
GeneralAndAdministrativeExpense,37581000.000,37773000.000,40425000.000,40791000.000,40664000.000,41867000.000,46339000.000,46739000.000,50480000.000,46038000.000,45723000.000,45735000.000,51060000.000,46762000.000,46642000.000,45355000.000,43953000.000,37286000.000,35598000.000,36974000.000,37047000.000,32954000.000,34151000.000,41727000.000
GoodwillAcquiredDuringPeriod,,,,,,,,,,,,,,,,,0.000,,,,,,,
GoodwillImpairmentLoss,,30932000.000,,,,,,,,,56283000.000,,,,283699000.000,,0.000,,,,,,,
GrossProfit,,,,,,,,,,,,,76209000.000,90912000.000,81901000.000,36912000.000,33204000.000,25084000.000,8637000.000,2649000.000,-23669000.000,-21432000.000,-26053000.000,11774000.000
IncomeLossFromContinuingOperationsBeforeIncomeTaxesExtraordinaryItemsNoncontrollingInterest,,,,,,,,,,,,,,,,,-4877000.000,-32611000.000,-24282000.000,-77787000.000,-84647000.000,-174055000.000,-299657000.000,-85255000.000
IncomeLossFromEquityMethodInvestments,2489000.000,3456000.000,3482000.000,3614000.000,2363000.000,3357000.000,2639000.000,3830000.000,4420000.000,3781000.000,2671000.000,4929000.000,5283000.000,3821000.000,,,-2441000.000,-2919000.000,-1710000.000,-6511000.000,-1000.000,1313000.000,1557000.000,2841000.000
IncomeLossFromEquityMethodInvestmentsNetOfDividendsOrDistributions,1739000.000,,,,1614000.000,,,,3398000.000,,,,3998000.000,,,,-3143000.000,,,,-108000.000,,,
IncomeTaxExpenseBenefit,7335000.000,510000.000,3168000.000,12612000.000,10375000.000,13707000.000,7471000.000,12860000.000,9500000.000,15667000.000,-196000.000,7822000.000,13792000.000,21067000.000,-60070000.000,24134000.000,10287000.000,11388000.000,-4679000.000,3823000.000,3996000.000,3568000.000,-2884000.000,1717000.000
IncomeTaxReconciliationOtherReconcilingItems,,,,,,,,,,,16900000.000,,,,,,,,,,,,,
IncomeTaxesPaid,12011000.000,,,,12646000.000,,,,20617000.000,,,,11170000.000,,,,17441000.000,,,,11006000.000,,,
IncreaseDecreaseInAccountsAndOtherReceivables,21190000.000,,,,9698000.000,,,,62616000.000,,,,39044000.000,,,,-40280000.000,,,,-26414000.000,,,
IncreaseDecreaseInAccountsPayableTrade,2708000.000,,,,18267000.000,,,,1997000.000,,,,-5360000.000,,,,4227000.000,,,,4613000.000,,,
IncreaseDecreaseInAccruedLiabilities,-292000.000,,,,2636000.000,,,,11115000.000,,,,-25590000.000,,,,-28772000.000,,,,-19993000.000,,,
IncreaseDecreaseInDueToAffiliates,,,,,,,,,,,,,,,,,41302000.000,,,,5947000.000,,,
IncreaseDecreaseInInventories,4433000.000,,,,1962000.000,,,,-1100000.000,,,,5822000.000,,,,-5250000.000,,,,-1288000.000,,,
IncreaseDecreaseInOtherAccruedLiabilities,63000.000,,,,-110000.000,,,,158000.000,,,,-367000.000,,,,-209000.000,,,,,,,
IncreaseDecreaseInOtherCurrentLiabilities,,,,,219000.000,,,,944000.000,,,,-616000.000,,,,-6811000.000,,,,-6814000.000,,,
IncreaseDecreaseInOtherOperatingCapitalNet,-756000.000,,,,-846000.000,,,,-3409000.000,,,,-267000.000,,,,-2774000.000,,,,4084000.000,,,
IncreaseDecreaseInOtherOperatingLiabilities,1620000.000,,,,1165000.000,,,,876000.000,,,,817000.000,,,,708000.000,,,,-3212000.000,,,
IncreaseDecreaseInPrepaidDeferredExpenseAndOtherAssets,8120000.000,,,,10127000.000,,,,11589000.000,,,,12534000.000,,,,10578000.000,,,,4147000.000,,,
InterestAndDebtExpense,,,,,,,,,,,,,,,,,,,13312000.000,,16954000.000,18477000.000,18587000.000,21008000.000
InterestCostsCapitalized,4400000.000,4188000.000,3841000.000,2314000.000,2824000.000,2913000.000,2564000.000,2301000.000,2963000.000,2636000.000,2643000.000,3255000.000,2872000.000,3410000.000,3638000.000,3753000.000,2944000.000,2823000.000,2513000.000,2171000.000,1393000.000,1101000.000,1118000.000,1217000.000
InterestCostsIncurred,,8954000.000,9868000.000,,10411000.000,10061000.000,9747000.000,10128000.000,11876000.000,12554000.000,14893000.000,15988000.000,16001000.000,15969000.000,15877000.000,15855000.000,16126000.000,16070000.000,15825000.000,16182000.000,18347000.000,19578000.000,19705000.000,22225000.000
InterestExpense,4061000.000,4766000.000,6027000.000,7454000.000,7587000.000,7148000.000,7183000.000,7827000.000,8913000.000,9918000.000,12250000.000,12733000.000,13129000.000,12559000.000,12239000.000,12102000.000,13182000.000,13247000.000,,,16954000.000,,,
InterestExpenseOther,,,,,,,7183000.000,,8913000.000,9918000.000,12250000.000,,,,,,,,,,,,,
InterestPaid,12223000.000,,,,2696000.000,,,,3980000.000,,,,,,,,,,,,,,,
InterestPaidNet,,,,,,,,,,,,,24385000.000,,,,22430000.000,,,,26733000.000,,,
InvestmentIncomeNonoperating,1190000.000,766000.000,347000.000,1137000.000,719000.000,1128000.000,936000.000,693000.000,740000.000,538000.000,137000.000,708000.000,622000.000,499000.000,434000.000,372000.000,790000.000,355000.000,609000.000,949000.000,1176000.000,992000.000,1437000.000,1588000.000
MinorityInterestDecreaseFromDistributionsToNoncontrollingInterestHolders,,,,,,,,,,,,,50000.000,,,,,,,,,,,
NetCashProvidedByUsedInFinancingActivities,-12840000.000,,,,-76780000.000,,,,303324000.000,,,,-15136000.000,,,,-5049000.000,,,,-4046000.000,,,
NetCashProvidedByUsedInFinancingActivitiesContinuingOperations,-12840000.000,,,,-76780000.000,,,,303324000.000,,,,-15136000.000,,,,-5049000.000,,,,-4046000.000,,,
NetCashProvidedByUsedInInvestingActivities,-62975000.000,,,,-72436000.000,,,,-282675000.000,,,,-22717000.000,,,,-63232000.000,,,,5171000.000,,,
NetCashProvidedByUsedInInvestingActivitiesContinuingOperations,-62975000.000,,,,-72436000.000,,,,-282675000.000,,,,-22717000.000,,,,-63232000.000,,,,5171000.000,,,
NetCashProvidedByUsedInOperatingActivities,26518000.000,,,,69080000.000,,,,3595000.000,,,,30945000.000,,,,92697000.000,,,,-10903000.000,,,
NetCashProvidedByUsedInOperatingActivitiesContinuingOperations,26518000.000,,,,69080000.000,,,,3595000.000,,,,30945000.000,,,,92697000.000,,,,-10903000.000,,,
NetIncomeLoss,24558000.000,-4876000.000,34087000.000,33642000.000,32856000.000,41356000.000,29947000.000,46591000.000,30083000.000,54172000.000,12583000.000,43417000.000,43673000.000,60907000.000,-160694000.000,-9076000.000,-15052000.000,-43835000.000,-19509000.000,-81787000.000,-89097000.000,-178490000.000,-297676000.000,-94855000.000
NetIncomeLossAttributableToNoncontrollingInterest,,,,,,,,,,,,,26000.000,-82000.000,-287000.000,184000.000,-112000.000,-164000.000,-94000.000,177000.000,454000.000,867000.000,903000.000,7883000.000
NoncashOrPartNoncashDivestitureAmountOfConsiderationReceived1,,,,,,,,,9500000.000,,,,,,,,,,,,,,,
NoncontrollingInterestIncreaseFromSubsidiaryEquityIssuance,,,,,,,,,,,,,449000.000,,,,,,,,,,,
NonoperatingIncomeExpense,432000.000,1115000.000,-3936000.000,-129000.000,-6256000.000,-2134000.000,-3556000.000,877000.000,-3842000.000,-6726000.000,-8101000.000,-9824000.000,-8513000.000,-2831000.000,-7471000.000,-10430000.000,-18966000.000,-14967000.000,-14882000.000,-21218000.000,-18512000.000,-18711000.000,-12623000.000,-15915000.000
OperatingIncomeLoss,31461000.000,-5481000.000,41191000.000,46383000.000,49487000.000,57197000.000,40974000.000,58574000.000,43425000.000,76565000.000,20488000.000,61063000.000,66004000.000,84723000.000,-213580000.000,25672000.000,14089000.000,-17644000.000,-9400000.000,-56569000.000,-66135000.000,-155344000.000,-287034000.000,-69340000.000
OtherComprehensiveIncomeAvailableForSaleSecuritiesAdjustmentNetOfTaxPeriodIncreaseDecrease,-21000.000,-980000.000,70000.000,659000.000,,,,,,,,,,,,,,,,,,,,
OtherComprehensiveIncomeLossAvailableForSaleSecuritiesAdjustmentNetOfTax,,,,,-624000.000,419000.000,-353000.000,186000.000,111000.000,-173000.000,405000.000,-130000.000,101000.000,32000.000,-54000.000,64000.000,-52000.000,-627000.000,212000.000,24000.000,161000.000,119000.000,-73000.000,-94000.000
OtherComprehensiveIncomeLossBeforeReclassificationsNetOfTax,,,,,,,,,,,354000.000,,162000.000,-35000.000,-73000.000,-9131000.000,-44000.000,-690000.000,235000.000,13738000.000,59000.000,79000.000,,
OtherComprehensiveIncomeLossBeforeTax,,,,,,,,,303000.000,277000.000,,,,,,,,,,,,,,
OtherComprehensiveIncomeLossNetOfTax,,,,,,,,,197000.000,180000.000,521000.000,4018000.000,348000.000,149000.000,62000.000,-8712000.000,197000.000,-447000.000,391000.000,13371000.000,232000.000,191000.000,,
OtherComprehensiveIncomeLossPensionAndOtherPostretirementBenefitPlansAdjustmentNetOfTax,,,,,,,-3355000.000,,,,,,-131000.000,,,,-70000.000,,,,,,,
OtherComprehensiveIncomeLossPensionAndOtherPostretirementBenefitPlansTax,,,,,,,,,,,,,70000.000,0.000,0.000,-839000.000,0.000,0.000,0.000,5081000.000,0.000,0.000,0.000,-2046000.000
OtherComprehensiveIncomeLossTax,,,,,,,,,106000.000,97000.000,,,,,,,,,,,,,,
OtherComprehensiveIncomeUnrealizedHoldingGainLossOnSecuritiesArisingDuringPeriodTax,,,,,,,,,60000.000,-93000.000,218000.000,-70000.000,55000.000,17000.000,-29000.000,-43000.000,0.000,0.000,0.000,-239000.000,0.000,0.000,0.000,61000.000
OtherCostAndExpenseOperating,,,,,,,,,4031000.000,3971000.000,5757000.000,8151000.000,6540000.000,6542000.000,7165000.000,8075000.000,8443000.000,8441000.000,8441000.000,8337000.000,8441000.000,8441000.000,8441000.000,8443000.000
OtherCostOfOperatingRevenue,1231000.000,2031000.000,1938000.000,1915000.000,3523000.000,1585000.000,4176000.000,2932000.000,2020000.000,4040000.000,4097000.000,5588000.000,4661000.000,6560000.000,8395000.000,6889000.000,5744000.000,6102000.000,3778000.000,3187000.000,3903000.000,3423000.000,2714000.000,2689000.000
OtherSalesRevenueNet,1292000.000,2482000.000,1625000.000,1140000.000,4354000.000,2096000.000,4423000.000,3294000.000,2455000.000,4269000.000,4535000.000,5383000.000,4167000.000,6572000.000,9428000.000,6992000.000,6461000.000,7792000.000,5283000.000,4126000.000,5495000.000,4361000.000,4095000.000,3844000.000
PaymentsForProceedsFromOtherInvestingActivities,,,,,860000.000,,,,665000.000,,,,-3000.000,,,,690000.000,,,,,,,
PaymentsForRepurchaseOfCommonStock,,,,,65028000.000,,,,,,,,,,,,,,,,,,,
PaymentsForRestructuring,,,,,,,,,,,,,,,,,,,5800000.000,,,,,
PaymentsOfDebtIssuanceCosts,6000.000,,,,,,,,2699000.000,,,,,,,,936000.000,,,,,,,
PaymentsOfDividends,12939000.000,,,,12566000.000,,,,12436000.000,,,,12520000.000,,,,11789000.000,,,,,,,
PaymentsToAcquireBusinessesNetOfCashAcquired,,,,,,,,,127737000.000,,,,,,,,,,,,,,,
PaymentsToAcquireOtherPropertyPlantAndEquipment,631000.000,91645000.000,63669000.000,38986000.000,,,,,,,,,,,,,,,,,,,,
PaymentsToAcquirePropertyPlantAndEquipment,69652000.000,,,,77432000.000,,,,156434000.000,,,,39874000.000,,,,92598000.000,,,,7578000.000,,,
ProceedsFromPaymentsForOtherFinancingActivities,,,,,,,,,,,,,349000.000,,,,,,,,-1722000.000,,,
ProceedsFromRepaymentsOfLinesOfCredit,,,,,,,,,414262000.000,,,,,,,,31338000.000,,,,,,,
ProceedsFromSaleOfProductiveAssets,6677000.000,,,,5856000.000,,,,2161000.000,,,,3754000.000,,,,5866000.000,,,,1234000.000,,,
ProceedsFromStockOptionsExercised,88000.000,,,,765000.000,,,,1675000.000,,,,994000.000,,,,,,,,,,,
ProfitLoss,,,,,,,,,,,,,43699000.000,60825000.000,-160981000.000,-8892000.000,-15164000.000,-43999000.000,-19603000.000,-81610000.000,-88643000.000,-177623000.000,-296773000.000,-86972000.000
PropertyPlantAndEquipmentAdditions,,,,,,,,,,,,,,,103055000.000,,93019000.000,47442000.000,11909000.000,42115000.000,10115000.000,9871000.000,2489000.000,8072000.000
ReclassificationFromAccumulatedOtherComprehensiveIncomeCurrentPeriodNetOfTax,,,,,,,,,,,-167000.000,,-186000.000,-184000.000,-135000.000,-419000.000,-241000.000,-243000.000,-156000.000,367000.000,-173000.000,-112000.000,,
RepaymentsOfLongTermDebt,,,,,,,,,97490000.000,,,,3959000.000,,,,23662000.000,,,,2324000.000,,,
RestructuringCharges,,,,,,,,,,,,,,,,,,7586000.000,,,,,,
Revenues,254607000.000,250894000.000,272111000.000,289395000.000,294448000.000,311918000.000,309466000.000,328333000.000,334085000.000,367937000.000,365248000.000,367833000.000,385677000.000,397524000.000,387554000.000,324762000.000,304774000.000,271923000.000,218191000.000,184174000.000,167925000.000,143722000.000,129215000.000,160749000.000
SaleLeasebackTransactionCurrentPeriodGainRecognized,,,,,,,,,,,,,,,,,,5800000.000,5800000.000,,5800000.000,5900000.000,,
SaleLeasebackTransactionGrossProceeds,,,,,,,,,,,141900000.000,,13400000.000,,,,,,,,,,,
SaleLeasebackTransactionGrossProceedsInvestingActivities,,,,,,,,,,,,,,19400000.000,78200000.000,,,,,,,,,
SaleLeasebackTransactionRentExpense,,,,,,,,,,,,,,,7200000.000,,,,,,,,,
SalesRevenueNet,254607000.000,250894000.000,272111000.000,289395000.000,294448000.000,311918000.000,309466000.000,328333000.000,334085000.000,367937000.000,365248000.000,367833000.000,385677000.000,397524000.000,387554000.000,324762000.000,304774000.000,271923000.000,218191000.000,184174000.000,167925000.000,143722000.000,129215000.000,160749000.000
SalesRevenueServicesNet,253315000.000,248412000.000,270486000.000,288255000.000,290094000.000,309822000.000,305043000.000,325039000.000,331630000.000,363668000.000,360713000.000,362450000.000,381510000.000,390952000.000,378126000.000,317770000.000,298313000.000,264131000.000,212908000.000,180048000.000,162430000.000,139361000.000,125120000.000,156905000.000
SegmentReportingSegmentOperatingProfitLoss,39376000.000,,,,,,,,,,,,,,,,,,,,,,,
ShareBasedCompensation,2905000.000,,,,4359000.000,,,,5711000.000,,,,5341000.000,,,,3219000.000,,,,1536000.000,,,
StockIssuedDuringPeriodValueStockOptionsExercisedNetOfTaxBenefitExpense,,,,,1357000.000,,,,1693000.000,,,,1000000.000,,,,186000.000,,,,,,,
StockRepurchasedAndRetiredDuringPeriodValue,,,,,65028000.000,,,,,,,,,,,,,,,,,,,
TreasuryStockAcquiredAverageCostPerShare,,,47.370,,46.430,,43.830,,,,,,,,35.190,,,,,,,,,
TreasuryStockSharesRetired,,,739231.000,,1400500000.000,,456400.000,,,,,,,,2841976.000,,,,,,,,,
TreasuryStockValueAcquiredCostMethod,,,35015000.000,,65028000.000,,20006000.000,,,,,,,,99999000.000,,,,,,,,,
WeightedAverageNumberDilutedSharesOutstandingAdjustment,315527.000,281129.000,206329.000,-538878.000,174686.000,232097.000,221738.000,-444872.000,331090.000,448303.000,482818.000,-974846.000,282986.000,230841.000,,,,,,,,,,
WeightedAverageNumberOfDilutedSharesOutstanding,51593788.000,51578053.000,51242749.000,-102985023.000,50367751.000,49625070.000,49384285.000,-99643066.000,49558001.000,49723119.000,49830266.000,-99431272.000,49863024.000,49812927.000,48481722.000,-99498833.000,46981747.000,46942950.000,46943705.000,-93887300.000,47067715.000,47067864.000,47068079.000,-94132592.000
WeightedAverageNumberOfSharesOutstandingBasic,51278261.000,51296924.000,51036420.000,-102446145.000,50193065.000,49392973.000,49162547.000,-99198194.000,49226911.000,49274816.000,49347448.000,-98456426.000,49580038.000,49582086.000,48481722.000,-98985006.000,46981747.000,46942950.000,46943705.000,-93887300.000,47067715.000,47067864.000,47068079.000,-94132592.000
