,2011-03-31,2011-06-30,2011-09-30,2011-12-31,2012-03-31,2012-06-30,2012-09-30,2012-12-31,2013-03-31,2013-06-30,2013-09-30,2013-12-31,2014-03-31,2014-06-30,2014-09-30,2014-12-31,2015-03-31,2015-06-30,2015-09-30,2015-12-31,2016-03-31,2016-06-30,2016-09-30,2016-12-31,2017-03-31,2017-06-30
AdjustmentsNoncashItemsToReconcileNetIncomeLossToCashProvidedByUsedInOperatingActivitiesOther,2300000.000,,,,,,,,,,,,,,,,,,,,,,,,,
AdjustmentsToAdditionalPaidInCapitalOther,,,,,,,,,-31900000.000,,,,,,,,,,,,,,,,,
AdjustmentsToAdditionalPaidInCapitalSharebasedCompensationRequisiteServicePeriodRecognitionValue,100000.000,,,,500000.000,,,,,,,,,,,,,,,,,,,,,
AdjustmentsToAdditionalPaidInCapitalTaxEffectFromShareBasedCompensation,,,,,,,,,600000.000,,,,400000.000,,,,400000.000,,,,200000.000,,,,,
AllocatedShareBasedCompensationExpense,,,,,,,,,9000000.000,9900000.000,12200000.000,13400000.000,10900000.000,12600000.000,14600000.000,15200000.000,,,15000000.000,,10300000.000,12500000.000,10400000.000,8100000.000,7600000.000,8600000.000
AmortizationOfFinancingCostsAndDiscounts,,,,,,,,,8100000.000,,,,7800000.000,,,,7700000.000,,,,7200000.000,,,,7300000.000,
AmountOfDilutiveSecuritiesStockOptionsAndRestrictiveStockUnits,,-1000000.000,-1000000.000,,,,0.000,,0.000,0.000,0.000,0.000,0.000,0.000,0.000,0.000,0.000,0.000,0.000,,,,,,,0.000
AntidilutiveSecuritiesExcludedFromComputationOfEarningsPerShareAmount,,3000000.000,2900000.000,,3100000.000,3300000.000,3300000.000,-6600000.000,3200000.000,3600000.000,3700000.000,-7000000.000,3800000.000,7700000.000,6900000.000,-11000000.000,6900000.000,7000000.000,6300000.000,-13400000.000,6300000.000,7000000.000,6300000.000,-13000000.000,6200000.000,6600000.000
BusinessCombinationConsiderationTransferred1,,,,,,,,,,,0.000,,117600000.000,7700000.000,593000000.000,2600000.000,46400000.000,0.000,0.000,-200000.000,,,,,,
BusinessCombinationProFormaInformationRevenueOfAcquireeSinceAcquisitionDateActual,,,,,,,,,,,,,,,65000000.000,,,,,,,,,,,
CashAndCashEquivalentsPeriodIncreaseDecrease,-93700000.000,,,,-46300000.000,,,,-212500000.000,,,,103700000.000,,,,-297200000.000,,,,-150300000.000,,,,23300000.000,
CashProvidedByUsedInFinancingActivitiesDiscontinuedOperations,,,,,,,,,-300000.000,,,,-300000.000,,,,,,,,,,,,,
CashProvidedByUsedInInvestingActivitiesDiscontinuedOperations,,,,,,,,,-400000.000,,,,-100000.000,,,,,,,,,,,,,
CashProvidedByUsedInOperatingActivitiesDiscontinuedOperations,,,,,,,,,-3100000.000,,,,200000.000,,,,,,,,,,,,,
CommonStockDividendsPerShareDeclared,0.080,0.090,0.090,0.090,0.090,0.110,0.110,0.110,0.110,0.130,0.150,0.150,0.150,0.100,0.100,0.025,0.100,0.110,0.110,0.110,0.110,0.110,0.110,0.110,0.110,0.130
ComprehensiveIncomeNetOfTax,35300000.000,,,,55900000.000,70400000.000,66100000.000,46700000.000,83000000.000,89300000.000,103600000.000,170100000.000,229000000.000,167400000.000,152700000.000,95100000.000,180100000.000,215700000.000,202700000.000,194500000.000,99600000.000,95900000.000,85000000.000,65000000.000,47300000.000,52600000.000
ComprehensiveIncomeNetOfTaxAttributableToNoncontrollingInterest,,,,,-100000.000,-100000.000,200000.000,100000.000,400000.000,5900000.000,7300000.000,7500000.000,7300000.000,9500000.000,8600000.000,8700000.000,9400000.000,9700000.000,8400000.000,5000000.000,5400000.000,4900000.000,6200000.000,7700000.000,6500000.000,3600000.000
ComprehensiveIncomeNetOfTaxIncludingPortionAttributableToNoncontrollingInterest,,,,,55800000.000,70300000.000,66300000.000,46800000.000,83400000.000,95200000.000,110900000.000,177600000.000,236300000.000,176900000.000,161300000.000,103800000.000,189500000.000,225400000.000,211100000.000,199500000.000,105000000.000,100800000.000,91200000.000,72700000.000,53800000.000,56200000.000
CostOfGoodsAndServicesSold,508400000.000,567600000.000,638500000.000,768400000.000,756500000.000,821400000.000,755600000.000,718000000.000,711100000.000,812200000.000,836300000.000,962700000.000,1074000000.000,1098300000.000,1172200000.000,1275300000.000,1211100000.000,1219600000.000,1109400000.000,1116100000.000,889900000.000,897700000.000,827300000.000,841200000.000,659700000.000,681900000.000
CostOfGoodsSold,430900000.000,495100000.000,548700000.000,690000000.000,672000000.000,,,,,,,,,,,,,,,,,,,,,
CostOfServices,69400000.000,65100000.000,82700000.000,73100000.000,73400000.000,,,,,,,,,,,,,,,,,,,,,
CostsAndExpenses,,,,,,,,,,,,,,,1281600000.000,,1293600000.000,1293900000.000,1177300000.000,1189000000.000,984500000.000,993300000.000,928100000.000,940200000.000,760700000.000,770300000.000
DeferredIncomeTaxExpenseBenefit,11500000.000,,,,26100000.000,,,,36000000.000,,,,1000000.000,,,,-2900000.000,,,,60500000.000,,,,55300000.000,
DefinedBenefitPlanActuarialNetGainsLosses,,,,,900000.000,900000.000,700000.000,,,,,,,,,,,,,,,,,,,
DefinedBenefitPlanAmortizationOfGainsLosses,,-500000.000,-400000.000,,,,,,-1200000.000,-1300000.000,-1200000.000,-1200000.000,-300000.000,-300000.000,-1000000.000,-500000.000,-1300000.000,-1300000.000,-1300000.000,-1100000.000,-1300000.000,-1300000.000,-1200000.000,-1300000.000,-1200000.000,-1200000.000
DefinedBenefitPlanAmortizationOfPriorServiceCostCredit,,,100000.000,,,,100000.000,,,,0.000,,,,,,,,,,,,,,,
DefinedBenefitPlanContributionsByEmployer,,3200000.000,2900000.000,,,,3600000.000,,3600000.000,4500000.000,6700000.000,4100000.000,4100000.000,3500000.000,4100000.000,3300000.000,3400000.000,4700000.000,7400000.000,700000.000,700000.000,2400000.000,1600000.000,0.000,,900000.000
DefinedBenefitPlanExpectedContributionsInCurrentFiscalYear,,,,,,,,,,,,,,,,,19700000.000,,,,8800000.000,,,,2500000.000,
DefinedBenefitPlanExpectedReturnOnPlanAssets,,5700000.000,5700000.000,,5600000.000,5800000.000,5700000.000,5800000.000,6600000.000,6700000.000,6600000.000,6700000.000,7700000.000,7700000.000,7800000.000,7800000.000,7600000.000,7600000.000,7600000.000,7700000.000,6800000.000,6800000.000,6800000.000,6800000.000,6800000.000,6800000.000
DefinedBenefitPlanInterestCost,,4900000.000,4900000.000,,4800000.000,4900000.000,4900000.000,4800000.000,4700000.000,4600000.000,4600000.000,4600000.000,5000000.000,5000000.000,5100000.000,5100000.000,5000000.000,5000000.000,5000000.000,5000000.000,5200000.000,5200000.000,5300000.000,5100000.000,4900000.000,4900000.000
DefinedBenefitPlanNetPeriodicBenefitCost,,2100000.000,1800000.000,,2900000.000,200000.000,200000.000,-2600000.000,-400000.000,-600000.000,-500000.000,-500000.000,-2300000.000,-2300000.000,-1500000.000,-2100000.000,-1200000.000,-1200000.000,-1200000.000,-1400000.000,-200000.000,-200000.000,-200000.000,-300000.000,-600000.000,-600000.000
DefinedBenefitPlanOtherCosts,,,1900000.000,,2600000.000,,,,,,,,,,,,,,,,,,,,,
DefinedBenefitPlanServiceCost,,200000.000,200000.000,,200000.000,200000.000,200000.000,300000.000,300000.000,200000.000,300000.000,300000.000,100000.000,100000.000,200000.000,100000.000,100000.000,100000.000,100000.000,200000.000,100000.000,100000.000,100000.000,100000.000,100000.000,100000.000
DefinedBenefitPlansEstimatedFutureEmployerContributionsInCurrentFiscalYear,,,,,,,,,,,,,15300000.000,,,,,,,,,,,,,
DefinedContributionPlanCostRecognized,,,,,,3200000.000,3100000.000,,3100000.000,3300000.000,3100000.000,2800000.000,3700000.000,5200000.000,3900000.000,4600000.000,5300000.000,5100000.000,4500000.000,3800000.000,4600000.000,3900000.000,3500000.000,3200000.000,4000000.000,3800000.000
DepreciationDepletionAndAmortization,47600000.000,,,,,,,,50000000.000,,,,55300000.000,,,,64000000.000,,,,69400000.000,,,,72800000.000,
DilutiveSecuritiesEffectOnBasicEarningsPerShareOther,,,,,,,,,,,,,200000.000,200000.000,200000.000,100000.000,100000.000,100000.000,0.000,,0.000,0.000,0.000,0.000,0.000,0.000
DiscontinuedOperationGainLossOnDisposalOfDiscontinuedOperationNetOfTax,,,,,,,,,7000000.000,100000.000,0.000,0.000,0.000,0.000,0.000,0.000,,,,,,,,,,
DiscontinuedOperationIncomeLossFromDiscontinuedOperationDuringPhaseOutPeriodNetOfTax,,,,,,,,,-400000.000,-1100000.000,300000.000,400000.000,-300000.000,-200000.000,600000.000,-100000.000,,,,,,,,,,
DiscontinuedOperationTaxEffectOfIncomeLossFromDiscontinuedOperationDuringPhaseOutPeriod,,,,,,,,,-300000.000,-500000.000,100000.000,-100000.000,-200000.000,0.000,200000.000,0.000,,,,,,,,,,
DiscontinuedOperationTaxEffectOfIncomeLossFromDisposalOfDiscontinuedOperation,,,,,,,,,5400000.000,0.000,0.000,0.000,0.000,0.000,0.000,0.000,,,,,,,,,,
DisposalGroupNotDiscontinuedOperationGainLossOnDisposal,,,,,,1500000.000,,,,,0.000,,0.000,0.000,0.000,,,,,,,,,,,
DividendsCommonStockCash,6300000.000,,,,7200000.000,,,,8700000.000,,,,11600000.000,,,,15600000.000,,,,16600000.000,,,,16700000.000,
EarningsPerShareBasic,0.300,0.370,0.400,0.700,0.660,0.840,0.800,0.900,0.990,1.060,1.260,1.450,2.910,1.050,0.950,-0.560,1.150,1.360,1.320,1.310,0.640,0.620,0.550,0.440,0.300,0.340
EarningsPerShareDiluted,0.300,0.370,0.400,0.700,0.660,0.840,0.800,0.890,0.990,1.060,1.260,1.440,2.850,1.010,0.900,-0.570,1.130,1.330,1.310,1.310,0.640,0.620,0.550,0.440,0.300,0.330
EffectiveIncomeTaxRateContinuingOperations,,0.399,0.400,,0.329,0.371,0.342,-0.695,0.363,0.346,0.342,-0.705,0.325,0.326,0.333,-0.651,0.335,0.338,0.336,-0.669,0.360,0.351,0.358,-0.712,0.287,0.409
EffectiveIncomeTaxRateReconciliationAtFederalStatutoryIncomeTaxRate,,0.350,0.350,,0.350,0.350,0.350,-0.700,0.350,0.350,0.350,-0.700,0.350,0.350,0.350,-0.700,0.350,0.350,0.350,-0.700,0.350,0.350,0.350,-0.700,0.350,0.350
EffectiveIncomeTaxRateReconciliationChangeInDeferredTaxAssetsValuationAllowance,,,,,,,,,,,-0.030,,,,-0.002,,,,,,,,,,0.002,
EffectiveIncomeTaxRateReconciliationChangeInEnactedTaxRate,,0.008,-0.009,,,,,,,,,,,,,,,,,,,,,,,
EffectiveIncomeTaxRateReconciliationDeductionsQualifiedProductionActivities,,,,,,,,,,-0.015,-0.027,,-0.022,-0.022,-0.014,0.038,-0.021,-0.018,0.017,0.036,0.000,0.000,0.000,0.000,,
EffectiveIncomeTaxRateReconciliationForeignIncomeTaxRateDifferential,,-0.006,0.021,,,-0.001,-0.010,,,,0.000,,,,,,,,,,,,,,,
EffectiveIncomeTaxRateReconciliationMinorityInterestIncomeExpense,,,,,,,,,,-0.016,-0.010,,-0.012,-0.011,-0.010,0.022,-0.010,-0.009,0.009,0.018,0.013,0.010,0.008,-0.018,0.004,0.007
EffectiveIncomeTaxRateReconciliationOtherAdjustments,,0.021,0.006,,0.006,0.004,-0.002,-0.011,-0.007,-0.006,0.002,0.017,0.000,0.000,-0.011,0.010,0.004,0.003,0.000,-0.007,0.012,-0.001,0.003,-0.011,0.005,0.021
EffectiveIncomeTaxRateReconciliationStateAndLocalIncomeTaxes,,0.026,0.032,,0.019,0.020,0.020,-0.039,0.020,0.021,0.025,-0.045,0.009,0.009,0.009,-0.013,0.012,0.012,0.012,-0.024,0.011,0.012,0.013,-0.022,0.014,0.015
EffectiveIncomeTaxRateReconciliationTaxContingencies,,,,,-0.046,-0.002,-0.016,0.050,0.000,,,,,,,,,,,,,,,,,
EffectiveIncomeTaxRateReconciliationTaxSettlements,,0.000,0.000,,,0.000,0.000,,,0.012,0.000,,,0.000,,,,,,,,,,,,
EffectiveIncomeTaxRateReconciliationTaxSettlementsDomestic,,,,,,,,,,,,,,,,,,,,,,,,,0.080,0.000
ExcessTaxBenefitFromShareBasedCompensationFinancingActivities,,,,,300000.000,,,,600000.000,,,,400000.000,,,,400000.000,,,,400000.000,,,,0.000,
ExcessTaxBenefitFromShareBasedCompensationOperatingActivities,,,,,300000.000,,,,600000.000,,,,400000.000,,,,400000.000,,,,400000.000,,,,0.000,
FairValueLiabilitiesMeasuredOnRecurringBasisGainLossIncludedInOtherIncome,,,,,,,,,1700000.000,,,,,,,,,,,,,,,,,
FairValueMeasurementWithUnobservableInputsReconciliationRecurringBasisLiabilityGainLossIncludedInEarnings,,,,,,,,,,,,,1700000.000,,,,,,,,,,,,,
ForeignCurrencyTransactionGainLossBeforeTax,,200000.000,-3000000.000,,2000000.000,-600000.000,400000.000,500000.000,300000.000,-800000.000,100000.000,100000.000,-400000.000,300000.000,200000.000,1100000.000,1200000.000,600000.000,500000.000,-200000.000,300000.000,2600000.000,-900000.000,-4400000.000,-1600000.000,300000.000
GainLossOnDispositionOfAssets,,,,,3800000.000,,,,,,,,,,,,,,,,,,,,,
GainLossOnInvestments,,,,,,,,,,,,,,,,,,,0.000,,0.000,0.000,100000.000,0.000,,
GainLossOnSaleOfBusiness,,,,,,,,,,,,,,,,,,7800000.000,0.000,,,,,,,
GainLossOnSaleOfEquityInvestments,,,100000.000,,100000.000,0.000,200000.000,100000.000,100000.000,100000.000,0.000,100000.000,200000.000,400000.000,100000.000,100000.000,-100000.000,0.000,,,,,,,,
GainLossOnSaleOfOtherAssets,1100000.000,,,,3700000.000,,,,-100000.000,-200000.000,600000.000,500000.000,10900000.000,1700000.000,600000.000,-1100000.000,900000.000,10000000.000,,,-200000.000,-300000.000,1500000.000,2900000.000,1300000.000,700000.000
GainLossOnSaleOfPropertyPlantEquipment,,,600000.000,,,,,,6700000.000,1000000.000,2200000.000,11300000.000,88400000.000,11400000.000,3600000.000,1000000.000,15800000.000,40100000.000,58700000.000,64200000.000,1900000.000,11100000.000,1500000.000,2900000.000,1300000.000,24400000.000
GoodwillAcquiredDuringPeriod,,,,,,800000.000,,,,7000000.000,0.000,,82100000.000,5100000.000,376700000.000,31100000.000,0.000,0.000,0.000,0.000,,,,,,
GoodwillWrittenOffRelatedToSaleOfBusinessUnit,,,,,,100000.000,,,,,0.000,,0.000,0.000,0.000,0.000,,17300000.000,0.000,,,,,,,
IncomeLossFromContinuingOperations,,30000000.000,31900000.000,,,,,,72500000.000,85000000.000,99300000.000,112400000.000,226700000.000,164400000.000,148800000.000,138300000.000,180200000.000,212000000.000,,,,,,,,
IncomeLossFromContinuingOperationsBeforeIncomeTaxesExtraordinaryItemsNoncontrollingInterest,,,,,,,,,,,,,,,,,,,319800000.000,,159500000.000,152200000.000,139500000.000,115600000.000,72500000.000,91300000.000
IncomeLossFromContinuingOperationsBeforeIncomeTaxesMinorityInterestAndIncomeLossFromEquityMethodInvestments,41800000.000,52600000.000,52700000.000,90400000.000,77900000.000,107300000.000,95900000.000,104800000.000,113400000.000,136400000.000,160900000.000,179800000.000,345800000.000,257200000.000,234400000.000,226700000.000,284400000.000,333500000.000,,,,,,,,
IncomeLossFromContinuingOperationsIncludingPortionAttributableToNoncontrollingInterest,,,,,,,,,72200000.000,89200000.000,105800000.000,118900000.000,233300000.000,173300000.000,156300000.000,146400000.000,,,,,,,,,,
IncomeLossFromContinuingOperationsPerBasicShare,,0.370,0.400,,0.660,,,,0.910,1.070,1.260,1.440,2.910,1.050,0.950,-0.560,,,,,,,,,,
IncomeLossFromContinuingOperationsPerDilutedShare,,,,,,,,,0.910,1.070,1.260,1.430,2.850,1.010,0.900,-0.570,,,,,,,,,,
IncomeLossFromDiscontinuedOperationsNetOfTax,,,,,,,,,6600000.000,-1000000.000,300000.000,400000.000,-300000.000,-200000.000,600000.000,-100000.000,,,,,,,,,,
IncomeLossFromDiscontinuedOperationsNetOfTaxPerBasicShare,,,,,,,,,0.080,-0.010,0.000,0.010,0.000,0.000,0.000,0.000,,,,,,,,,,
IncomeLossFromDiscontinuedOperationsNetOfTaxPerDilutedShare,,,,,,,,,0.080,-0.010,0.000,0.010,0.000,0.000,0.000,0.000,,,,,,,,,,
IncomeLossFromSubsidiariesNetOfTax,,,,,,,,,,,,,,,0.000,,0.000,0.000,0.000,0.000,0.000,0.000,0.000,0.000,0.000,0.000
IncomeTaxExpenseBenefit,16200000.000,21000000.000,21100000.000,33500000.000,25600000.000,39800000.000,32800000.000,35800000.000,41200000.000,47200000.000,55100000.000,60900000.000,112500000.000,83900000.000,78100000.000,80300000.000,95400000.000,112700000.000,107600000.000,110300000.000,57400000.000,53400000.000,49900000.000,41400000.000,20800000.000,37300000.000
IncomeTaxReconciliationTaxContingenciesStateAndLocal,,,,,,,-1500000.000,,,,,,,,,,,,,,,,,,,
IncreaseDecreaseInAccountsPayable,47000000.000,,,,13500000.000,,,,10900000.000,,,,38400000.000,,,,4000000.000,,,,7000000.000,,,,300000.000,
IncreaseDecreaseInAccountsReceivable,75600000.000,,,,-17100000.000,,,,22900000.000,,,,43300000.000,,,,76600000.000,,,,-67900000.000,,,,-24100000.000,
IncreaseDecreaseInAccruedLiabilities,12200000.000,,,,-33400000.000,,,,-8200000.000,,,,30800000.000,,,,-103300000.000,,,,-73300000.000,,,,-26600000.000,
IncreaseDecreaseInIncomeTaxesReceivable,,,,,-200000.000,,,,,,,,,,,,,,,,,,,,,
IncreaseDecreaseInInventories,82200000.000,,,,46100000.000,,,,43600000.000,,,,57900000.000,,,,-31700000.000,,,,-7000000.000,,,,-33700000.000,
IncreaseDecreaseInOtherOperatingAssets,7500000.000,,,,3300000.000,,,,2900000.000,,,,10600000.000,,,,-800000.000,,,,-30400000.000,,,,-22100000.000,
IncreaseDecreaseInOtherOperatingLiabilities,4800000.000,,,,-5900000.000,,,,6100000.000,,,,3900000.000,,,,3400000.000,,,,900000.000,,,,-27000000.000,
IncreaseDecreaseInRestrictedCashForOperatingActivities,,,,,,,,,,,,,-25000000.000,,,,9400000.000,,,,0.000,,,,,
IncrementalCommonSharesAttributableToShareBasedPaymentArrangements,,300000.000,200000.000,,300000.000,200000.000,200000.000,-500000.000,100000.000,100000.000,100000.000,-200000.000,0.000,100000.000,100000.000,-100000.000,0.000,0.000,0.000,,,,,,,300000.000
InterestExpense,44500000.000,43800000.000,47900000.000,49100000.000,47900000.000,47900000.000,47800000.000,51100000.000,49200000.000,46500000.000,45800000.000,45800000.000,46300000.000,46900000.000,48200000.000,52000000.000,51500000.000,50600000.000,46700000.000,45900000.000,45800000.000,45600000.000,45300000.000,45200000.000,45000000.000,45700000.000
InvestmentIncomeInterest,300000.000,400000.000,500000.000,300000.000,400000.000,300000.000,400000.000,400000.000,400000.000,400000.000,600000.000,700000.000,400000.000,700000.000,400000.000,400000.000,500000.000,500000.000,600000.000,600000.000,1200000.000,1300000.000,1400000.000,1500000.000,1700000.000,2300000.000
MinorityInterestDecreaseFromDistributionsToNoncontrollingInterestHolders,,,,,,,,,,,,,5400000.000,,,,11300000.000,,,,6800000.000,,,,7300000.000,
MultiemployerPlanPeriodContributions,,,,,,,,,,,,,,,300000.000,,700000.000,600000.000,600000.000,600000.000,500000.000,600000.000,600000.000,600000.000,600000.000,300000.000
NetCashProvidedByUsedInFinancingActivities,-46600000.000,,,,-40300000.000,,,,-82700000.000,,,,-78000000.000,,,,-83500000.000,,,,-80300000.000,,,,-56300000.000,
NetCashProvidedByUsedInFinancingActivitiesContinuingOperations,-46600000.000,,,,-40300000.000,,,,-82400000.000,,,,-77700000.000,,,,-83500000.000,,,,-80300000.000,,,,-56300000.000,
NetCashProvidedByUsedInInvestingActivities,-35600000.000,,,,-77000000.000,,,,-231600000.000,,,,-23600000.000,,,,-323100000.000,,,,-356100000.000,,,,-140500000.000,
NetCashProvidedByUsedInInvestingActivitiesContinuingOperations,-35600000.000,,,,-77000000.000,,,,-231200000.000,,,,-23500000.000,,,,-323100000.000,,,,-356100000.000,,,,-140500000.000,
NetCashProvidedByUsedInOperatingActivities,-11500000.000,,,,71000000.000,,,,101800000.000,,,,205300000.000,,,,109400000.000,,,,286100000.000,,,,220100000.000,
NetCashProvidedByUsedInOperatingActivitiesContinuingOperations,-11500000.000,,,,71000000.000,,,,104900000.000,,,,205100000.000,,,,109400000.000,,,,286100000.000,,,,220100000.000,
NetIncomeLoss,24200000.000,30000000.000,31900000.000,56100000.000,52900000.000,67800000.000,63200000.000,71300000.000,79100000.000,84000000.000,99600000.000,112800000.000,226400000.000,164200000.000,149400000.000,138200000.000,180200000.000,212000000.000,204300000.000,200000000.000,97200000.000,94600000.000,84200000.000,67600000.000,46000000.000,51100000.000
NetIncomeLossAttributableToNoncontrollingInterest,1400000.000,1600000.000,-300000.000,800000.000,-600000.000,-300000.000,-100000.000,-500000.000,-300000.000,4200000.000,6500000.000,6500000.000,6600000.000,8900000.000,7500000.000,8100000.000,8800000.000,8800000.000,7900000.000,4000000.000,4900000.000,4200000.000,5400000.000,6600000.000,5700000.000,2900000.000
NetIncomeLossAttributableToParentDiluted,,,,,51200000.000,65500000.000,,,,,,,,,,,,,,,,,,,,
NetIncomeLossAvailableToCommonStockholdersBasic,,,,,,,61100000.000,,70200000.000,82300000.000,96000000.000,108700000.000,218900000.000,158900000.000,144100000.000,134200000.000,174500000.000,205500000.000,198300000.000,,94300000.000,91700000.000,82000000.000,66200000.000,44800000.000,50000000.000
NetIncomeLossAvailableToCommonStockholdersDiluted,,,,,,,61100000.000,,70200000.000,82300000.000,96000000.000,108700000.000,219100000.000,159100000.000,144300000.000,134300000.000,174600000.000,205600000.000,198300000.000,,94300000.000,91700000.000,82000000.000,66200000.000,44800000.000,50000000.000
NonoperatingIncomeExpense,-43700000.000,-42800000.000,-52700000.000,-48600000.000,-44500000.000,-47600000.000,-46000000.000,-50800000.000,-46100000.000,-47000000.000,-44700000.000,-44600000.000,-45500000.000,-44800000.000,-46800000.000,-49800000.000,-48700000.000,-49400000.000,-45100000.000,-43700000.000,-43900000.000,-39400000.000,-44100000.000,-48000000.000,-44100000.000,-43900000.000
OperatingIncomeLoss,85500000.000,95400000.000,105400000.000,139000000.000,122400000.000,154900000.000,141900000.000,155600000.000,159500000.000,183400000.000,205600000.000,224400000.000,391300000.000,302000000.000,281200000.000,276500000.000,333100000.000,382900000.000,364900000.000,358000000.000,203400000.000,191600000.000,183600000.000,163600000.000,116600000.000,135200000.000
OtherComprehensiveIncomeDefinedBenefitPlansAdjustmentBeforeTaxPeriodIncreaseDecrease,,,,,,,800000.000,,,,,,,,,,,,,,,,,,,
OtherComprehensiveIncomeDefinedBenefitPlansAdjustmentNetOfTaxPeriodIncreaseDecrease,,,,,900000.000,800000.000,,,,,,,,,,,,,,,,,,,,
OtherComprehensiveIncomeDefinedBenefitPlansAdjustmentNetOfTaxPortionAttributableToNoncontrollingInterest,,,,,,,,,0.000,,,,0.000,,,,0.000,,,,,,,,,
OtherComprehensiveIncomeDefinedBenefitPlansAdjustmentNetOfTaxPortionAttributableToParent,,,,,,,,,-700000.000,,,,-200000.000,,,,-800000.000,,,,,,,,,
OtherComprehensiveIncomeDefinedBenefitPlansNetUnamortizedGainLossArisingDuringPeriodNetOfTax,,,,,,,,,0.000,,,,0.000,,,,0.000,,,,,,,,,
OtherComprehensiveIncomeDerivativesQualifyingAsHedgesNetOfTaxPeriodIncreaseDecrease,,,,,2400000.000,,,,,,,,,,,,,,,,,,,,,
OtherComprehensiveIncomeDerivativesQualifyingAsHedgesNetOfTaxPortionAttributableToNoncontrollingInterest,,,,,,,,,700000.000,,,,700000.000,,,,600000.000,,,,,,,,,
OtherComprehensiveIncomeDerivativesQualifyingAsHedgesNetOfTaxPortionAttributableToParent,,,,,,,,,3200000.000,,,,2400000.000,,,,2900000.000,,,,,,,,,
OtherComprehensiveIncomeDerivativesQualifyingAsHedgesTaxEffectPeriodIncreaseDecrease,,,,,33100000.000,,,,,,,,,,,,,,,,,,,,,
OtherComprehensiveIncomeForeignCurrencyTransactionAndTranslationAdjustmentNetOfTaxPeriodIncreaseDecrease,,-100000.000,,,,,,,,,,,,,,,,,,,,,,,,
OtherComprehensiveIncomeForeignCurrencyTransactionAndTranslationAdjustmentNetOfTaxPortionAttributableToNoncontrollingInterest,,,,,,,,,0.000,,,,0.000,,,,0.000,,,,,,,,,
OtherComprehensiveIncomeForeignCurrencyTransactionAndTranslationAdjustmentNetOfTaxPortionAttributableToParent,,,,,,,,,0.000,,,,0.000,,,,-3800000.000,,,,,,,,,
OtherComprehensiveIncomeForeignCurrencyTransactionAndTranslationGainLossArisingDuringPeriodNetOfTax,,,,,,,,,0.000,,,,0.000,,,,-3800000.000,,,,,,,,,
OtherComprehensiveIncomeForeignCurrencyTransactionAndTranslationReclassificationAdjustmentRealizedUponSaleOrLiquidationBeforeTax,,,,,,,0.000,,,,,,,,,,,,,,,,,,,
OtherComprehensiveIncomeForeignCurrencyTransactionAndTranslationReclassificationAdjustmentRealizedUponSaleOrLiquidationNetOfTax,,,,,,1100000.000,,,,,,,,,,,,,,,,,,,,
OtherComprehensiveIncomeForeignCurrencyTranslationAdjustmentTax,,0.000,,,200000.000,,,,,,,,,,,,,,,,,,,,,
OtherComprehensiveIncomeLossBeforeReclassificationsNetOfTax,,,,,,,,,,,,,,,,,,,,,1100000.000,,,,300000.000,
OtherComprehensiveIncomeLossBeforeTaxPeriodIncreaseDecrease,,,,,5900000.000,4400000.000,5300000.000,,,,,,,,,,,,,,,,,,,
OtherComprehensiveIncomeLossForeignCurrencyTransactionAndTranslationAdjustmentNetOfTax,,,,,,,,,,0.000,0.000,,,,-600000.000,,-3800000.000,1200000.000,-2600000.000,-800000.000,1500000.000,300000.000,-400000.000,-600000.000,300000.000,500000.000
OtherComprehensiveIncomeLossForeignCurrencyTransactionAndTranslationReclassificationAdjustmentFromAOCIRealizedUponSaleOrLiquidationNetOfTax,,,,,,,,,,,,,0.000,,,,0.000,,,,,,,,,
OtherComprehensiveIncomeLossForeignCurrencyTransactionAndTranslationReclassificationAdjustmentFromAOCIRealizedUponSaleOrLiquidationTax,,,,,,,,,,,,,0.000,,,,0.000,,,,,,,,,
OtherComprehensiveIncomeLossForeignCurrencyTransactionAndTranslationReclassificationAdjustmentRealizedUponSaleOrLiquidationNetOfTax,,,,,,,,,0.000,,,,,,,,,,,,,,,,,
OtherComprehensiveIncomeLossForeignCurrencyTranslationAdjustmentTax,,,,,,,,,,0.000,0.000,,,,,,,,,,,,,,,
OtherComprehensiveIncomeLossForeignCurrencyTranslationReclassificationAdjustmentRealizedUponSaleOrLiquidationTax,,,,,,,,,0.000,,,,,,,,,,,,,,,,,
OtherComprehensiveIncomeLossNetOfTax,,,,,,,,,4600000.000,7000000.000,4800000.000,58300000.000,3300000.000,3800000.000,4400000.000,-42500000.000,500000.000,4600000.000,-1100000.000,-4500000.000,2900000.000,2000000.000,1600000.000,-1500000.000,2100000.000,2200000.000
OtherComprehensiveIncomeLossNetOfTaxPeriodIncreaseDecrease,,,,,3500000.000,2800000.000,3200000.000,,,,,,,,,,,,,,,,,,,
OtherComprehensiveIncomeLossNetOfTaxPortionAttributableToNoncontrollingInterest,,,,,,,,,700000.000,,,,700000.000,,,,600000.000,,,,,,,,,
OtherComprehensiveIncomeLossNetOfTaxPortionAttributableToParent,,,,,,,,,3900000.000,,,,2600000.000,,,,-100000.000,,,,2400000.000,,,,1300000.000,
OtherComprehensiveIncomeLossReclassificationAdjustmentFromAOCIOnDerivativesNetOfTax,,,,,,,,,,,-4400000.000,,-4300000.000,-4200000.000,-4200000.000,-3300000.000,-3800000.000,-2600000.000,-1200000.000,-1400000.000,-1000000.000,-1200000.000,-1200000.000,-1200000.000,-1000000.000,-1200000.000
OtherComprehensiveIncomeLossReclassificationAdjustmentFromAOCIOnDerivativesTax,,,,,,,,,,,2000000.000,,2000000.000,1900000.000,1900000.000,2600000.000,2100000.000,1000000.000,-200000.000,-6300000.000,-400000.000,-100000.000,-100000.000,-100000.000,-300000.000,0.000
OtherComprehensiveIncomeLossReclassificationAdjustmentFromAOCIPensionAndOtherPostretirementBenefitPlansForNetGainLossNetOfTax,,,,,,,,,,,-800000.000,,-200000.000,-200000.000,-700000.000,-200000.000,-800000.000,-800000.000,-800000.000,-800000.000,-800000.000,-800000.000,-800000.000,-800000.000,-800000.000,-700000.000
OtherComprehensiveIncomeLossReclassificationAdjustmentFromAOCIPensionAndOtherPostretirementBenefitPlansForNetGainLossTax,,,,,,,,,,,400000.000,,100000.000,100000.000,300000.000,300000.000,500000.000,500000.000,-500000.000,-2300000.000,-500000.000,-500000.000,-400000.000,-500000.000,-400000.000,-500000.000
OtherComprehensiveIncomeLossReclassificationAdjustmentOnDerivativesIncludedInNetIncomeNetOfTax,,,,,,,,,4600000.000,4700000.000,,,,,,,,,,,,,,,,
OtherComprehensiveIncomeLossReclassificationAdjustmentOnDerivativesIncludedInNetIncomeTax,,,,,,,,,2800000.000,-2000000.000,,,,,,,,,,,,,,,,
OtherComprehensiveIncomeLossReclassificationPensionAndOtherPostretirementBenefitPlansNetGainLossRecognizedInNetPeriodicBenefitCostTax,,,,,,,,,500000.000,-500000.000,,,,,,,,,,,,,,,,
OtherComprehensiveIncomeLossTax,,,,,2400000.000,1600000.000,2100000.000,,,,,,,,,,,,,,,,,,,
OtherComprehensiveIncomeLossTaxPortionAttributableToParent,,,,,74700000.000,,,,,,,,,,,,,,,,,,,,,
OtherComprehensiveIncomeOtherNetOfTax,,,,,3000000.000,,,,,,,,,,,,,,,,,,,,,
OtherComprehensiveIncomeReclassificationAdjustmentOnDerivativesIncludedInNetIncomeBeforeTax,,,,,2300000.000,-2200000.000,-2300000.000,,,,,,,,,,,,,,,,,,,
OtherComprehensiveIncomeReclassificationOfDefinedBenefitPlansNetGainLossRecognizedInNetPeriodicBenefitCostNetOfTax,,,,,,,,,700000.000,800000.000,,,,,,,,,,,,,,,,
OtherComprehensiveIncomeUnrealizedGainLossOnDerivativesArisingDuringPeriodBeforeTax,,,,,2700000.000,300000.000,2200000.000,,,,,,,,,,,,,,,,,,,
OtherComprehensiveIncomeUnrealizedGainLossOnDerivativesArisingDuringPeriodNetOfTax,9700000.000,,,,,,,,-700000.000,1500000.000,-400000.000,400000.000,-1200000.000,-600000.000,100000.000,500000.000,-300000.000,0.000,-500000.000,100000.000,-400000.000,-300000.000,0.000,400000.000,0.000,-200000.000
OtherComprehensiveIncomeUnrealizedGainLossOnDerivativesArisingDuringPeriodTax,,-3300000.000,-2800000.000,,,,,,500000.000,-100000.000,-500000.000,900000.000,400000.000,-100000.000,0.000,-900000.000,-200000.000,0.000,-200000.000,200000.000,200000.000,0.000,100000.000,-300000.000,0.000,0.000
OtherCostOfOperatingRevenue,,,7100000.000,,11100000.000,,,,,,,,,,,,,,,,,,,,,
OtherDepreciationAndAmortization,,,,,49100000.000,,,,,,,,,,,,,,,,,,,,,
OtherNoncashIncomeExpense,,,,,-2300000.000,,,,2400000.000,,,,700000.000,,,,-800000.000,,,,1000000.000,,,,-100000.000,
OtherNonoperatingExpense,,-400000.000,2400000.000,,-900000.000,-600000.000,-800000.000,700000.000,-2300000.000,200000.000,-400000.000,-300000.000,-600000.000,-700000.000,-700000.000,-600000.000,-1200000.000,-100000.000,,,,,,,,
OtherNonoperatingIncomeExpense,500000.000,600000.000,-5300000.000,200000.000,3000000.000,0.000,1400000.000,-100000.000,2700000.000,-900000.000,500000.000,500000.000,400000.000,1400000.000,1000000.000,1800000.000,2300000.000,700000.000,1000000.000,1600000.000,700000.000,4900000.000,-200000.000,-4300000.000,-800000.000,-500000.000
OtherOperatingActivitiesCashFlowStatement,,,,,,,,,,,,,,,,,-79600000.000,,,,184000000.000,,,,168400000.000,
ParticipatingSecuritiesDistributedAndUndistributedEarnings,,,,,,,2100000.000,,2300000.000,2700000.000,3300000.000,3700000.000,7800000.000,5500000.000,,,,,,,,,,,,
ParticipatingSecuritiesDistributedAndUndistributedEarningsLossBasic,,,,,,,,,,,,,,,4700000.000,,5700000.000,6500000.000,6000000.000,,2900000.000,2900000.000,2200000.000,1400000.000,1200000.000,1100000.000
PaymentsForProceedsFromOtherInvestingActivities,,,,,,,,,800000.000,,,,-3000000.000,,,,-4200000.000,,,,-200000.000,,,,-500000.000,
PaymentsForProceedsFromShortTermInvestments,,,,,,,,,,,,,106700000.000,,,,25000000.000,,,,115000000.000,,,,-42600000.000,
PaymentsForRepurchaseOfCommonStock,,,,,,,,,,,,,12500000.000,,,,18000000.000,,,,34700000.000,,,,0.000,
PaymentsOfDistributionsToAffiliates,,,,,,,,,,,,,,,,,0.000,,,,0.000,,,,0.000,
PaymentsOfDividendsCommonStock,6300000.000,,,,7200000.000,,,,8700000.000,,,,11600000.000,,,,15600000.000,,,,16800000.000,,,,16700000.000,
PaymentsOfDividendsMinorityInterest,,,,,,,,,,,,,5400000.000,,,,11300000.000,,,,6800000.000,,,,7300000.000,
PaymentsRelatedToTaxWithholdingForShareBasedCompensation,,,,,,,,,,,,,,,,,400000.000,,,,100000.000,,,,0.000,
PaymentsToAcquireBusinessesNetOfCashAcquired,,,,,,0.000,,,9100000.000,,0.000,,112600000.000,6200000.000,593000000.000,2600000.000,45500000.000,0.000,0.000,700000.000,0.000,,,,,
PaymentsToAcquireEquipmentOnLease,,,,,100000000.000,,,,,,,,,,,,,,,,,,,,,
PaymentsToAcquireMarketableSecurities,-41000000.000,,,,,,,,59900000.000,,,,,,,,,,,,,,,,,
PaymentsToAcquireOtherProductiveAssets,8000000.000,,,,,,,,,,,,,,,,,,,,,,,,,
PaymentsToAcquireOtherPropertyPlantAndEquipment,,,,,16400000.000,,,,,,,,,,,,,,,,,,,,,
PaymentsToAcquirePropertyPlantAndEquipment,,,,,,,,,25800000.000,,,,49100000.000,,,,53500000.000,,,,26300000.000,,,,24300000.000,
PensionExpense,,,,,,,,,,,,,,,2700000.000,,4700000.000,4400000.000,3900000.000,3100000.000,5000000.000,4300000.000,3800000.000,3500000.000,4000000.000,3600000.000
ProceedsFromDivestitureOfBusinessesNetOfCashDivested,,,,,,2100000.000,,,,,0.000,,0.000,0.000,0.000,0.000,,,,,,,,,,
ProceedsFromIssuanceOfCommonStock,1400000.000,,,,700000.000,,,,1400000.000,,,,300000.000,,,,0.000,,,,,,,,,
ProceedsFromIssuanceOfLongTermDebt,,,,,2200000.000,,,,,,,,,,,,,,,,,,,,,
ProceedsFromPaymentsForOtherFinancingActivities,,,,,,,,,-100000.000,,,,-100000.000,,,,-700000.000,,,,-2100000.000,,,,0.000,
ProceedsFromRepaymentsOfRestrictedCashFinancingActivities,1100000.000,,,,16300000.000,,,,7900000.000,,,,4300000.000,,,,33000000.000,,,,10200000.000,,,,-5600000.000,
ProceedsFromSaleOfOtherProductiveAssets,,,,,26500000.000,,,,600000.000,,,,17200000.000,,,,1600000.000,,,,1100000.000,,,,3600000.000,
ProceedsFromSaleOfProductiveAssets,2900000.000,,,,12900000.000,,,,,,,,,,,,,,,,,,,,,
ProductWarrantyAccrualPayments,,1400000.000,1600000.000,,2400000.000,1500000.000,1100000.000,900000.000,1500000.000,1500000.000,1600000.000,1300000.000,800000.000,1300000.000,1700000.000,2300000.000,1700000.000,1700000.000,,,,,,,,
ProductWarrantyAccrualPreexistingIncreaseDecrease,,,,,,,,,,,,,,,700000.000,,-1400000.000,-1500000.000,,,,,,,,
ProductWarrantyAccrualWarrantiesIssued,,900000.000,2100000.000,,3800000.000,1400000.000,2600000.000,-100000.000,2600000.000,3400000.000,3900000.000,2000000.000,2300000.000,4300000.000,4300000.000,1700000.000,5700000.000,3300000.000,,,,,,,,
ProfitLoss,25600000.000,31600000.000,31600000.000,56900000.000,52300000.000,67500000.000,63100000.000,70800000.000,78800000.000,88200000.000,106100000.000,119300000.000,233000000.000,173100000.000,156900000.000,146300000.000,189000000.000,220800000.000,212200000.000,204000000.000,102100000.000,98800000.000,89600000.000,74200000.000,51700000.000,54000000.000
RealizedInvestmentGainsLosses,,,,,,,,,,,,,,,,,,,,,,2100000.000,400000.000,,400000.000,-1500000.000
ReclassificationFromAccumulatedOtherComprehensiveIncomeCurrentPeriodNetOfTax,,,,,,,,,,,,,,,,,,,,,-1800000.000,,,,-1800000.000,
ReclassificationFromAociCurrentPeriodTax,,,,,,,,,,,,,,,,,,,,,-900000.000,,,,-700000.000,
RepaymentsOfLongTermDebt,42800000.000,,,,52600000.000,,,,83500000.000,,,,53100000.000,,,,70900000.000,,,,,,,,,
RepaymentsOfLongTermDebtAndCapitalSecurities,,,,,,,,,,,,,,,,,,,,,30400000.000,,,,26700000.000,
Revenues,644200000.000,710500000.000,796800000.000,923600000.000,925300000.000,1028400000.000,937500000.000,920700000.000,932900000.000,1066100000.000,1110300000.000,1256000000.000,1460500000.000,1485300000.000,1562800000.000,1661400000.000,1626700000.000,1676800000.000,1542200000.000,1547000000.000,1187900000.000,1187000000.000,1112100000.000,1103800000.000,877700000.000,904000000.000
RevenuesFromExternalCustomers,,,796800000.000,,925300000.000,1028400000.000,937500000.000,920700000.000,932900000.000,1066100000.000,,,,,,,,,,,,,,,,
RevenuesFromTransactionsWithOtherOperatingSegmentsOfSameEntity,,,,,,,0.000,,0.000,0.000,,,,,,,,,,,,,,,,
SalesRevenueGoodsNet,514400000.000,580100000.000,643700000.000,785500000.000,783200000.000,,,,,,,,,,,,,,,,,,,,,
SalesRevenueNet,644200000.000,710500000.000,796800000.000,923600000.000,925300000.000,1028400000.000,937500000.000,920700000.000,932900000.000,1066100000.000,1110300000.000,1256000000.000,1460500000.000,1485300000.000,1562800000.000,1661400000.000,1626700000.000,1676800000.000,1542200000.000,1547000000.000,1187900000.000,1184900000.000,1111700000.000,1103800000.000,877300000.000,905500000.000
SalesRevenueServicesNet,129800000.000,130400000.000,153100000.000,138100000.000,142100000.000,,,,,,,,,,,,,,,,,,,,,
SegmentReportingInformationRevenueFromExternalCustomers,,710500000.000,,,,,,,,,,,,,,,,,,,,,,,,
SellingGeneralAndAdministrativeExpense,50300000.000,47500000.000,53500000.000,57800000.000,53900000.000,56000000.000,58500000.000,55700000.000,69000000.000,71500000.000,70600000.000,80200000.000,83600000.000,96400000.000,113000000.000,110600000.000,98300000.000,114400000.000,126600000.000,137100000.000,96500000.000,106700000.000,102300000.000,101900000.000,102300000.000,112800000.000
ShareBasedCompensation,5300000.000,4100000.000,6900000.000,7200000.000,6900000.000,5600000.000,7900000.000,7300000.000,8900000.000,,,,10900000.000,,,,16400000.000,14900000.000,,,10300000.000,,,,7600000.000,
StandardProductWarrantyAccrualPayments,,,,,,,,,,,,,,,,,,,2000000.000,,2800000.000,2000000.000,1700000.000,2900000.000,1700000.000,2400000.000
StandardProductWarrantyAccrualPreexistingIncreaseDecrease,,,,,,,,,,,,,,,,,,,-1700000.000,,-1600000.000,-1300000.000,-700000.000,-800000.000,-800000.000,-800000.000
StandardProductWarrantyAccrualWarrantiesIssued,,,,,,,,,,,,,,,,,,,5800000.000,,1600000.000,2800000.000,,,,
StockIssuedDuringPeriodValueRestrictedStockAwardNetOfForfeitures,,,,,,,,,,,,,,,,,,,,,10200000.000,,,,7600000.000,
StockIssuedDuringPeriodValueStockOptionsExercised,1400000.000,,,,700000.000,,,,1400000.000,,,,300000.000,,,,,,,,,,,,100000.000,
StockIssuedDuringPeriodValueTreasuryStockReissued,3100000.000,,,,6200000.000,,,,8800000.000,,,,10800000.000,,,,16000000.000,,,,,,,,,
StockRepurchasedDuringPeriodShares,,0.000,,,0.000,,,,,,,,,,,,,,,,,,,,,
StockholdersEquityOther,,,,,,,,,,,,,0.000,,,,,,,,,,,,300000.000,
TaxAdjustmentsSettlementsAndUnusualProvisions,,,,,,,,,,,,,,,,,,,,,,,,,5800000.000,
TreasuryStockSharesAcquired,,,,,,1692229.000,141992.000,,0.000,1294248.000,539941.000,639000.000,,,,,,1669764.000,1556516.000,,2070600.000,0.000,0.000,0.000,0.000,1942200.000
TreasuryStockValueAcquiredCostMethod,,,,,,41200000.000,4000000.000,,,49900000.000,23900000.000,,10000000.000,,,,25000000.000,50000000.000,40000000.000,0.000,34700000.000,,,,,52400000.000
UnrecognizedTaxBenefitsDecreasesResultingFromPriorPeriodTaxPositions,,,,,1100000.000,,,,0.000,,,,100000.000,,,,100000.000,,,,100000.000,,,,0.000,
UnrecognizedTaxBenefitsDecreasesResultingFromSettlementsWithTaxingAuthorities,,,,,3000000.000,,,,0.000,,,,,,,,200000.000,,,,0.000,,,,23300000.000,
UnrecognizedTaxBenefitsIncomeTaxPenaltiesAndInterestExpense,,,-300000.000,,,,-1300000.000,,200000.000,200000.000,200000.000,-100000.000,100000.000,200000.000,200000.000,300000.000,200000.000,300000.000,300000.000,0.000,500000.000,400000.000,600000.000,2000000.000,5400000.000,100000.000
UnrecognizedTaxBenefitsIncreasesResultingFromCurrentPeriodTaxPositions,,,,,1000000.000,,,,1100000.000,,,,1200000.000,,,,1300000.000,,,,1500000.000,,,,0.000,
UnrecognizedTaxBenefitsIncreasesResultingFromPriorPeriodTaxPositions,,,,,,,,,,,,,,,,,,,,,1000000.000,,,,100000.000,
UnrecognizedTaxBenefitsReductionsResultingFromLapseOfApplicableStatuteOfLimitations,,,,,100000.000,,,,0.000,,,,,,,,,,,,,,,,,
WeightedAverageNumberOfDilutedSharesOutstanding,77400000.000,77700000.000,77900000.000,-155200000.000,78100000.000,77900000.000,76700000.000,-155200000.000,77000000.000,77100000.000,76200000.000,-153800000.000,77000000.000,157400000.000,159600000.000,-237300000.000,154300000.000,154200000.000,150900000.000,-307200000.000,148300000.000,147800000.000,148700000.000,-296200000.000,150600000.000,151000000.000
WeightedAverageNumberOfSharesOutstandingBasic,77100000.000,77400000.000,77700000.000,-154700000.000,77800000.000,77700000.000,76500000.000,-154700000.000,76900000.000,77000000.000,76100000.000,-153600000.000,75100000.000,151000000.000,151500000.000,-226600000.000,151200000.000,150700000.000,150000000.000,-301700000.000,148300000.000,147800000.000,148700000.000,-296400000.000,148700000.000,149100000.000
